2888 5144
171 283 214 346 54
417 356 422 365 ,
550 301 671 351 emmo
693 302 737 353 or
762 306 804 353 ur
829 306 985 359 runmcr.

258 468 440 562 philosophi
645 495 813 555 r1nos0r1,
857 480 998 544 comitur
1032 480 1199 571 vestigium
1233 481 1363 555 litterae

623 682 641 728 h
689 596 795 663 nescio
819 597 909 664 ouius
933 622 1027 689 supra
1051 611 1222 693 utramque
1245 620 1276 672 ι’.

256 737 306 803 his
643 756 672 805 rs

256 924 304 978 est
641 871 712 978 dm

255 1054 447 1121 doctoribus.
504 1055 592 1139 Quae
638 1011 1094 1147 docronlnusqnoquiedertm

298 1189 345 1242 est
368 1176 453 1242 enim

251 1319 350 1384 oratio
634 1277 735 1387 limo

727 1445 742 1479 Τ

250 1515 331 1582 qute
355 1494 395 1559 sit
635 1516 668 1582 q.
695 1510 725 1558 st
815 1492 849 1559 id
872 1507 918 1560 est
942 1518 1007 1585 que
1033 1503 1072 1576 1,
1098 1521 1189 1587 quao
1210 1505 1242 1566 2.

246 1665 316 1731 iure
634 1623 713 1731 lunii
820 1665 853 1731 d.
877 1691 896 1734 e

247 1782 406 1874 Equidem
425 1782 431 1874 Ι
453 1806 566 1874 quom·
631 1808 664 1875 p.
691 1789 766 1852 125.

293 1904 465 1970 admodum

244 2048 425 2138 imperiosas
630 2025 857 2118 mreltmsrisr
949 2050 983 2120 d.
1009 2071 1028 2116 r

628 2181 649 2210 tu

242 2221 354 2288 riculis
630 2242 725 2291 cums

242 2395 324 2461 duco
629 2355 694 2469 duco

241 2568 281 2634 nd
305 2591 379 2658 opes
627 2512 750 2664 ¹inopes
793 2608 797 2612 -
864 2572 897 2639 d.
924 2592 942 2639 r

217 2746 564 2814 consiliisetlaboribus
624 2697 986 2813 consdrsernurionmus
1064 2743 1097 2810 d.
1120 2756 1299 2835 utroqueu

240 2867 445 2935 {voluntatem
625 2863 856 2940 luoturrtroo
993 2891 1025 2957 p.
1057 2869 1130 2932 126.

241 3043 303 3107 fuit
621 2993 701 3105 irum
863 3040 896 3107 d.
924 3061 943 3106 n

236 3235 342 3304 neque
365 3238 402 3282 eu
623 3175 749 3306 nequior

233 3388 440 3478 processerint
617 3364 875 3465 nouooesromrr
969 3388 999 3453 d·
1024 3390 1127 3479 prima
1150 3411 1168 3457 s

639 3568 762 3664 Capul
784 3572 844 3639 III'.

141 3755 201 3839 §4-
227 3751 401 3818 rationibus
615 3771 837 3820 nutriormus
946 3750 978 3816 d.
1004 3751 1153 3842 priorer

229 3871 404 3939 illustribus
588 3944 590 3948 ,
613 3891 828 3940 mnusrnmus

228 4016 262 4062 ro
283 3992 413 4089 publica
612 4011 686 4059 nor.
736 3989 790 4066 Sio
820 4004 1001 4059 constanter
1031 4013 1141 4060 omnes
1164 4013 1254 4059 orsus
1276 3992 1332 4076 lit·

447 4114 450 4119 ’
486 4107 488 4116 ’
651 4125 719 4180 tert
743 4132 775 4189 r.
801 4112 1021 4205 significantur
1043 4126 1174 4206 excepto
1193 4113 1331 4204 genitivo

498 4230 505 4243 '
583 4232 587 4241 ’
653 4232 791 4325 plurali,
815 4246 847 4302 ot
871 4235 899 4301 Ι.
927 4238 945 4320 §
970 4239 1012 4302 43
1035 4257 1101 4301 non
1123 4233 1191 4302 sino
1214 4255 1329 4314 otuso,

653 4355 681 4422 1.
706 4358 724 4444 §
751 4359 792 4422 45
818 4357 919 4423 relus
935 4355 1115 4448 pulliois;
1139 4378 1204 4424 non
1223 4355 1330 4424 lubuit

651 4477 714 4545 lroc
736 4475 848 4553 notaio
871 4481 905 4547 in
928 4478 1059 4569 singulis
1078 4478 1171 4555 lonis.

223 4597 487 4689 impedimentum
607 4596 853 4675 rrrelroerruo
