2888 5144
476 346 541 394 tm.
569 328 595 392 1.
623 333 640 413 ς
665 332 726 404 64,
753 330 816 403 66,
841 329 896 389 67.
1267 328 1306 390 tt

170 517 365 608 Subscriptio
400 517 488 582 Libri
522 516 538 582 1
568 536 633 580 non
663 514 780 603 legitur
807 514 840 579 in
867 534 968 603 puro,
1002 511 1087 600 quod
1115 524 1186 602 post
1213 514 1310 579 finem

124 641 237 730 capitis
273 637 379 703 ultimi
414 637 560 703 relietum
595 647 641 701 est
664 633 830 699 laterculo.
879 633 981 700 Maius
1005 631 1045 697 ad
1068 633 1247 723 exemplum
1271 633 1311 699 li-

125 759 176 826 bri
200 759 250 839 ll,
275 759 364 824 cuius
387 758 571 848 perspicuus
594 766 694 821 exstat
716 754 846 833 titulus,
871 752 959 819 hunc
982 753 1161 843 supplerit:¹

537 895 585 943 .1.
611 894 710 942 arcu
733 892 906 941 crcrnonts

578 1014 622 1062 nr
646 1014 689 1061 Rs
712 1012 857 1061 rruttca

557 1134 711 1182 rxrctcsr
736 1133 836 1180 arnan
858 1134 881 1181 1.

126 1253 158 1308 et
190 1241 327 1332 primam
358 1240 496 1306 litteram
530 1257 555 1304 rr
584 1237 619 1301 in
647 1235 757 1301 codiee
786 1234 882 1324 paulo
914 1234 1139 1302 evidentiorem
1164 1259 1314 1327 apparere

126 1362 262 1427 monuit.
312 1360 470 1450 Equidem
495 1359 626 1424 unicum
650 1355 735 1445 quod
759 1376 887 1421 cernere
911 1355 1001 1444 potui
1019 1355 1113 1421 huius
1131 1360 1314 1447 praenomi-

128 1482 176 1547 nis
200 1482 365 1570 restigium
390 1481 511 1547 scilicet
535 1499 564 1560 1,
591 1476 718 1543 aliunde
742 1488 847 1543 ortum
870 1475 978 1556 cred03
1011 1487 1057 1541 est
1080 1477 1165 1543 enirn
1190 1500 1254 1544 uua
1276 1479 1315 1548 de

127 1602 237 1668 miritis
259 1602 411 1682 maculis,
437 1600 552 1690 quibus
574 1596 661 1689 qnod
683 1596 844 1688 praecedit
865 1596 978 1661 folium
1001 1595 1100 1665 hocce
1123 1598 1314 1687 inquinavit.

129 1720 197 1788 Nec
238 1723 307 1788 fieri
337 1735 459 1813 potest,
492 1721 623 1811 opinor,
656 1730 693 1784 ut
722 1719 847 1808 legatur
879 1740 1074 1808 praenomen
1109 1718 1208 1800 illud,
1241 1743 1316 1787 nam

130 1843 260 1907 omniuo
291 1843 418 1909 nullum
447 1841 533 1907 tituli
560 1852 691 1931 apparet
713 1840 897 1929 vestigium,
922 1839 986 1904 sire
1009 1838 1152 1905 noudum
1174 1856 1317 1909 exaratus

130 1963 244 2042 fuerit,
276 1961 362 2051 quod
385 1962 467 2028 forte
489 1961 569 2027 alius
592 1960 713 2026 librarii
736 1981 852 2025 munus
875 1958 955 2038 fuit,
980 1960 1044 2025 sire
1067 1960 1201 2027 ornandi
1224 1984 1317 2029 eausa

132 2081 230 2147 rubro
260 2079 373 2147 eodem
404 2080 459 2146 illo
489 2102 565 2147 succ
597 2081 754 2171 scripserit
785 2102 877 2159 euru,
902 2101 966 2169 quo
989 2092 1113 2170 partem
1136 2082 1222 2148 tituli
1244 2083 1318 2151 libri

133 2203 293 2292 sequentis
319 2214 484 2268 -exaratom
522 2224 588 2267 esse
630 2213 717 2267 recte
759 2201 896 2267 coniecit
926 2200 1043 2281 Maius3
1077 2224 1173 2290 quern
1205 2225 1317 2270 sucum
1431 2189 1438 2207 ⁸

134 2300 308 2390 coloratum
341 2306 440 2412 quum
471 2344 552 2410 aqua
576 2335 680 2388 totum
700 2321 884 2399 abstulerit,
905 2344 970 2386 non
993 2333 1040 2387 est
1063 2344 1121 2386 cur
1143 2345 1319 2413 pronomen

134 2456 291 2510 serratum
313 2467 379 2509 esse
403 2443 579 2508 credamus.
617 2442 763 2531 Denique
783 2443 808 2506 si
828 2441 1014 2532 subscriptio
1034 2442 1124 2507 nobis
1144 2444 1318 2534 supplenda

134 2576 179 2630 est
202 2563 242 2629 ad
262 2562 336 2629 libri
359 2563 490 2630 secundi
511 2562 711 2652 exemplum,
736 2562 911 2650 refingatur
932 2562 966 2627 iu
988 2562 1075 2628 bunc
1098 2562 1248 2630 modum:

574 2759 621 2805 ,tn
648 2758 748 2806 tvm
772 2756 884 2805 CICLR.

507 2881 550 2927 DE
574 2880 616 2927 BL
641 2880 671 2927 Ρ.
698 2880 798 2927 LIBER
822 2880 844 2927 1.
871 2879 946 2927 LXP.

656 3102 792 3117 m

630 3320 760 3388 LIBER
784 3321 827 3388 ΙΙ.

183 3550 348 3635 Quaenam
379 3547 452 3614 libri
484 3548 516 3614 II
549 3548 760 3636 inscriptionis
791 3548 915 3616 litterae
947 3551 980 3616 in
1015 3550 1121 3617 lucem
1152 3553 1322 3633 redierint,

138 3655 244 3737 sidere
270 3681 316 3734 est
346 3671 380 3735 in
411 3669 605 3760 palimpsesti
636 3670 809 3760 scripturae
834 3672 1028 3761 specimine,
1057 3674 1142 3761 quod
1166 3674 1268 3741 Maius
1291 3675 1325 3740 in

117 3814 191 3857 ‘aes
227 3802 375 3856 accurate
399 3789 530 3870 incidit,
563 3791 699 3880 exceptis
725 3790 837 3858 litteris
861 3813 900 3872 tt,
930 3815 1004 3859 uam
1029 3816 1107 3883 aper
1130 3795 1204 3874 ille,
1230 3819 1325 3886 quern

138 3912 172 3976 in
198 3910 303 3977 media
330 3911 435 3977 littera
464 3911 587 3977 etiamsi
617 3910 812 3999 breviorem,
845 3925 880 3979 ut
910 3914 980 3980 fieri
1009 3915 1087 3980 solet
1114 3916 1327 4007 inscriptura

139 4030 316 4121 quadrata,
339 4033 457 4112 cernis,
481 4033 515 4098 in
538 4033 640 4123 prima
663 4045 788 4099 tanturn
809 4053 828 4099 tt
850 4035 967 4101 incisus
991 4048 1037 4100 est
1061 4056 1153 4100 versu
1175 4038 1278 4127 primo
1295 4051 1327 4105 et

139 4153 254 4230 tertio,
294 4153 376 4242 fugit
410 4174 483 4219 tero
514 4152 667 4219 editorem
698 4154 732 4219 in
764 4173 807 4221 arr
837 4166 868 4220 et
900 4156 933 4220 in
962 4154 1073 4221 ultima
1105 4157 1191 4223 tertii
1222 4171 1328 4225 versus

140 4269 262 4351 littera,
292 4273 419 4339 latitans
448 4272 506 4337 sub
540 4275 709 4363 Augustini
740 4277 907 4365 scriptura3
940 4275 1116 4342 carendum
1146 4291 1215 4344 erat
1242 4279 1328 4345 Maio

140 4410 181 4459 ne
204 4394 250 4459 sic
273 4413 285 4460 1
308 4394 399 4460 fieret
420 4417 457 4460 ex
481 4413 518 4473 u,
539 4393 624 4482 quod
644 4417 685 4460 ne
705 4393 834 4460 librario
854 4395 982 4484 quidem
1000 4398 1203 4487 ignoscimus.
1244 4399 1328 4464 Rec-

141 4515 258 4580 tissime
290 4528 397 4582 autern
428 4515 563 4581 coniecit
594 4514 694 4580 editor
725 4515 936 4606 supplendum
967 4542 1033 4585 esse
1055 4518 1239 4605 feliciter,
1272 4519 1328 4584 ubi

143 4647 316 4702 atramento
341 4650 463 4727 tanturn
488 4638 620 4726 scriptae
640 4650 728 4703 erant
753 4637 902 4706 litterae.
926 4659 944 4706 u
969 4693 974 4706 .
998 4660 1009 4705 1
1033 4694 1039 4707 .
1060 4660 1072 4707 1
1097 4660 1187 4718 .1t.,
1210 4653 1329 4706 ceteras
