2888 5144
546 1194 925 1321 ADDENDA.

190 1456 248 1531 AD
280 1453 314 1531 C.
344 1455 459 1530 IULII
489 1453 688 1530 VICTORIS
721 1452 945 1530 nucrlottls
979 1454 1269 1531 VARIETATEM

245 1665 302 1732 EX
327 1663 425 1734 COD.
452 1663 1002 1733 onnossonlrunvarlcrno
1030 1664 1086 1731 ΝΟ.
1115 1668 1214 1730 5750.

645 1951 821 1976 ——qrmwnmn—

133 2172 207 2262 rag.
236 2172 290 2240 Or.
385 2178 463 2269 Pag.
490 2180 583 2244 Rom.
936 2178 1098 2268 Scriptura
1123 2178 1251 2244 codicis.

337 2335 368 2400 1.
383 2332 434 2399 ed.
530 2338 561 2399 2.
577 2333 625 2400 ed.

133 2454 255 2518 leno
326 2455 392 2520 3i.
519 2456 583 2521 li.
683 2455 893 2544 perficiuntur
1023 2457 1267 2546 proficiscuntur

153 2596 174 2636 »
213 2577 253 2640 18
325 2575 390 2640 ri.
517 2599 538 2639 >t
561 2600 593 2666 p.
617 2597 662 2641 m.
688 2574 761 2641 dein
1030 2578 1143 2644 deinde

132 2697 207 2761 199.
229 2698 253 2761 -7
324 2699 411 2762 8m.
517 2701 603 2762 im.
684 2696 830 2786 primitus
1024 2700 1177 2789 promtius

151 2838 173 2879 >r
210 2819 252 2882 20
324 2839 345 2880 ›>
368 2815 391 2881 f.
519 2839 539 2879 »
562 2839 595 2905 p.
615 2840 659 2882 m.
687 2816 773 2906 quod
796 2817 848 2883 hie
1028 2823 1061 2884 ὣ
1084 2819 1146 2885 hoc

127 2939 253 3001 200.2
323 2937 391 3003 of.
516 2942 592 3027 op.
618 2937 638 3001 i.
685 2937 789 3026 potius
1024 2924 1112 3031 prius

128 3058 252 3122 201.l5
302 3060 339 3122 11
367 3058 391 3124 f.
514 3061 590 3147 op.
614 3079 658 3123 m.
684 3056 715 3122 Is
739 3057 809 3146 quis
1024 3060 1054 3124 Is
1078 3061 1134 3150 qui

151 3198 172 3238 >›
209 3180 251 3241 26
301 3179 341 3241 li
365 3177 389 3244 f.
516 3200 537 3240 »
561 3177 584 3242 f.
686 3179 711 3243 si
736 3179 805 3267 quis
1026 3181 1051 3245 si
1075 3182 1144 3270 quis

151 3374 172 3412 »
209 3353 247 3416 41
303 3354 342 3416 13
367 3351 387 3415 i.
516 3355 589 3417 7a.
615 3373 659 3417 m.
686 3353 851 3418 somniavit
1027 3355 1227 3420 somniaverit

128 3474 253 3539 202.20
324 3496 344 3535 >›
369 3472 390 3535 f.
685 3474 905 3539 numeratione
922 3474 990 3563 agi·

1106 3578 1115 3605 fl

727 3603 780 3656 tur
1077 3621 1262 3687 nueratione

516 3732 536 3770 »
560 3709 582 3773 f.
683 3711 919 3777 mensuratione
1077 3760 1224 3827 agrorum

650 3812 656 3835 1

730 3852 877 3919 agrorum

148 3969 169 4006 ›>
205 3951 244 4010 al
363 3971 383 4011 »
556 3972 576 4011 >t
681 3949 722 4016 Et
745 3947 838 4016 modo
861 3950 963 4039 primo
1004 3961 1035 4016 et
1048 3948 1141 4014 modo
1156 3951 1311 4039 promodo

148 4089 169 4129 ›>
204 4069 246 4131 22
363 4094 383 4133 >t
556 4094 576 4132 >t
680 4070 829 4159 fugienda
1020 4074 1052 4136 2.
1078 4070 1242 4159 fungenda

148 4209 169 4248 »
204 4189 247 4252 25
296 4189 337 4253 14
361 4191 382 4255 i.
557 4214 577 4254 »
681 4191 744 4256 litis
1021 4191 1141 4258 Deest.

146 4331 167 4369 >›
204 4309 246 4372 38
306 4333 326 4371 »
350 4333 392 4375 m.
509 4315 581 4377 8a.
600 4335 644 4376 m.
679 4312 778 4377 ferme
801 4313 896 4378 etiam
1018 4314 1117 4378 ferme
1141 4325 1172 4378 et

124 4432 248 4495 roam
299 4433 336 4494 15
362 4429 384 4493 f.
510 4435 596 4497 9m.
679 4431 848 4498 antithesin
894 4429 897 4435 ’
1019 4430 1149 4497 antidosi

123 4552 246 4616 20424
299 4553 336 4615 17
362 4573 406 4616 m.
491 4554 530 4616 10
554 4554 575 4618 i.
678 4553 778 4620 Nemo
1019 4551 1090 4617 Non
1116 4553 1200 4618 enim
