2888 5144
455 317 520 363 mn.
545 297 647 399 11145
673 302 734 378 26,
762 302 817 376 47,
843 297 883 363 V.
909 299 927 382 §
953 301 987 364 6.

624 606 755 673 LIBER
779 605 820 673 V.

173 849 230 918 lv.
257 855 290 918 6.
339 849 502 938 Perfecit
525 852 707 915 institutis
732 857 766 914 et
785 847 1013 940 disciplinis,
1037 858 1078 914 ut
1090 848 1210 941 pedor
1229 851 1322 915 cives

129 995 197 1036 nore
229 975 343 1036 miuus
372 997 395 1035 a
419 972 562 1036 delictis
586 979 746 1049 arceret,
772 994 875 1059 quem
900 978 1021 1036 metus.
1070 969 1172 1036 Codex
1196 970 1323 1060 adflic-

129 1096 179 1157 tis
209 1116 267 1183 pro
300 1117 323 1156 a
353 1093 495 1157 delictis
529 1091 612 1157 Maio
642 1091 789 1158 exhibere
812 1089 997 1169 ridebatur,
1025 1090 1166 1156 sednon
1190 1093 1321 1170 itacst,

127 1236 220 1279 verae
251 1212 382 1279 lectioni
411 1214 544 1304 propius
564 1212 686 1278 accedit
709 1213 905 1302 palimpsesti
928 1213 1101 1302 scriptura,
1126 1236 1201 1279 nam
1224 1212 1322 1277 libra-

127 1335 193 1399 rius
225 1333 281 1400 ubi
309 1335 435 1400 volebat
466 1358 488 1398 a
520 1329 663 1397 delictis
697 1330 784 1396 dedit
814 1356 837 1395 a
864 1328 1027 1411 dilictic;
1054 1332 1323 1422 quemadmodum
1425 1375 1428 1390 ι

127 1456 357 1521 inconstantior
380 1467 427 1520 est
449 1456 483 1519 in
507 1453 729 1520 terminatione
754 1475 790 1518 es
815 1465 870 1518 aut
889 1457 942 1532 is,
968 1465 999 1518 et
1016 1455 1050 1518 in
1069 1455 1321 1544 praepositione,

127 1576 167 1644 de
192 1599 256 1666 qua
279 1598 366 1641 nunc
390 1576 510 1664 agitur,
535 1570 578 1638 de
602 1586 657 1639 aut
681 1570 721 1638 dt
731 1623 740 1653 ,
762 1574 806 1640 sic
826 1574 853 1639 Ι.
875 1576 892 1658 §
918 1578 978 1653 43,
1001 1578 1064 1654 51,
1086 1579 1129 1640 52
1149 1570 1321 1652 delectus,

128 1710 240 1762 contra
271 1697 299 1763 1.
335 1698 352 1781 §
388 1701 429 1761 53
462 1691 634 1774 dilectus,
659 1695 742 1760 etl.
770 1696 788 1779 §
816 1698 857 1760 42
883 1708 1061 1762 correctum
1085 1691 1254 1774 dilectus,
1279 1694 1322 1759 ΙΙ.

129 1821 148 1904 §
174 1822 218 1884 24
242 1814 413 1907 diligere,
439 1829 575 1907 utroque
598 1816 668 1882 loco
692 1815 749 1881 ubi
773 1839 790 1881 e
811 1817 1000 1905 requiritur,
1022 1829 1058 1882 ut
1074 1817 1117 1882 11.
1140 1819 1214 1902 §55
1228 1813 1324 1882 deri-

127 1961 211 2030 gere
242 1939 352 2005 vitiose
380 1938 522 2027 scripsit,
555 1950 665 2004 contra
697 1936 724 2002 Ι.
761 1939 778 2021 §
813 1940 855 2002 44
886 1933 1030 2001 delabor
1053 1950 1232 2003 correctum
1254 1950 1323 2017 est,

129 2059 268 2149 denique
293 2059 320 2127 I.
346 2063 364 2145 Ι
389 2063 449 2134 70,
474 2057 519 2124 ΙΙ.
547 2061 565 2143 §
592 2061 635 2124 39
659 2056 757 2123 habet
779 2052 991 2148 discriptio,
1015 2068 1126 2123 contra
1152 2058 1212 2126 111.
1238 2060 1257 2143 ς
1282 2058 1323 2124 17

131 2181 340 2247 describere.

179 2299 244 2369 Sedv
275 2300 354 2366 haec
389 2299 428 2365 de
462 2299 584 2365 librarii
616 2299 829 2365 inconstantia
864 2298 1041 2378 sufficiant,
1079 2297 1115 2363 iis
1146 2299 1204 2386 qui
1232 2296 1326 2388 plura

124 2399 309 2489 ¹desiderent
341 2421 479 2511 amplam
515 2419 697 2510 disputandi
729 2421 894 2486 materiem
924 2418 1056 2509 praebet
1087 2419 1211 2509 integra
1243 2440 1325 2505 quae

130 2545 195 2609 iam
231 2542 375 2632 sequitur
409 2541 568 2607 Lectionis
605 2541 765 2622 Varietas,
800 2564 896 2630 quam
933 2540 1166 2606 accuratissime
1190 2537 1323 2604 exhibeo

131 2665 186 2731 illa
207 2677 357 2755 typorum
379 2663 482 2728 forma
506 2684 601 2742 usus,
635 2685 716 2752 quac
741 2684 837 2753 quam
860 2662 992 2729 minime
1017 2659 1136 2728 recedit
1166 2659 1326 2728 ecodieis

132 2785 299 2875 scriptura.
