2888 5144
554 319 557 325 “
606 338 867 387 aununrrrorns.
1260 330 1324 390 209

189 511 280 598 Quod
316 523 362 577 est
392 512 425 576 in
462 509 599 577 editione
636 509 714 600 Cap.
748 514 788 576 16
821 509 845 598 §
880 514 940 574 15:
972 511 1244 600 «procedentibus
1274 515 1326 580 ad

138 631 261 699 bellum
280 631 398 711 filiis,»
420 632 537 720 legitur
547 633 580 697 in
594 631 701 698 codiee
722 636 778 708 in,
801 653 882 720 quae
899 632 1086 722 praepositio
1097 635 1195 723 recipi
1206 647 1321 724 potest.

186 751 350 843 Scriptura
384 751 499 818 codicis
533 752 644 818 fefellit
679 751 830 817 editorem
865 752 941 842 Cap.
981 756 1021 819 17
1057 753 1080 842 §
1118 759 1157 820 t:
1208 755 1322 822 «Belli

137 873 238 940 civilis
267 874 367 939 victor
397 895 502 961 neque
533 872 730 962 imperatoris
761 895 877 938 nomen
908 874 1044 952 meruit,
1073 897 1176 964 neque
1207 877 1321 941 trium-

135 993 266 1084 pharit,
297 1016 402 1084 neque
432 994 490 1058 diis
514 994 628 1082 gratias
652 995 728 1083 egit.
779 995 926 1080 Quamvis
950 996 1035 1061 enim
1058 997 1318 1086 imperatoribus,

136 1115 255 1182 civium
286 1127 392 1180 tamen
423 1113 592 1179 victoribus
621 1118 744 1178 minus
758 1115 939 1181 faverunt.»
979 1115 1079 1182 Nihili
1102 1130 1148 1183 est
1171 1119 1320 1184 ultimum

134 1235 237 1316 illud,
273 1219 350 1300 dnm
383 1235 549 1326 perspicue
583 1234 699 1323 legitur
732 1235 765 1299 in
801 1235 908 1301 codice
931 1239 1025 1330 musti
1048 1236 1080 1301 id
1104 1252 1166 1304 est:
1192 1243 1300 1305 inviti
1309 1290 1318 1320 ,

134 1369 259 1423 mutata
290 1380 364 1445 ergo
394 1356 650 1446 interpunctione
674 1355 843 1444 legendum
867 1368 932 1421 est:
967 1380 1101 1446 «neque
1125 1359 1183 1424 diis
1206 1361 1320 1450 gratias

134 1450 220 1568 egit,
249 1477 406 1566 quamvis
440 1477 526 1543 enirn
560 1476 822 1567 imperatoribus,
859 1478 974 1544 civium
1008 1491 1115 1545 tamen
1150 1481 1320 1548 victoribus

135 1602 246 1664 inuiti
267 1598 453 1664 faverunt.»

182 1720 284 1785 Maius
304 1718 387 1784 male
403 1719 580 1785 emendarit
597 1717 675 1810 Cap.
698 1724 737 1785 18
759 1722 776 1804 §
792 1724 823 1800 1,
850 1721 905 1785 ubi
925 1722 1179 1789 coniunctionem
1197 1725 1318 1790 omisit:

133 1840 240 1907 «Post
265 1838 464 1906 Cannensem
488 1838 610 1905 cladem
634 1840 726 1905 multi
750 1841 870 1929 equites
895 1841 1030 1907 Romani
1053 1842 1204 1932 dignitate
1224 1844 1320 1911 deleti

134 1971 170 2028 et
203 1963 237 2026 in
270 1962 405 2028 aerarios
436 1958 527 2026 relati
558 1972 668 2025 sunt.»
710 1961 870 2027 Librarius
897 1961 1047 2028 dederat:
1075 1963 1203 2029 delecti
1224 1974 1258 2029 et
1281 1970 1321 2030 ira

134 2085 290 2148 carario.
351 2082 419 2147 Iam
462 2081 622 2170 legamus:
669 2080 852 2170 «dignitate
888 2082 1016 2147 deiecti
1051 2093 1084 2148 et
1118 2085 1151 2149 in
1186 2088 1320 2153 aerarios

133 2204 233 2272 relati·
248 2216 358 2268 sunt.»

179 2325 300 2392 Eadem
331 2347 388 2389 ror
412 2323 555 2389 similiter
579 2320 672 2411 periit
694 2321 913 2387 emendatione
938 2322 1013 2412 Cap.
1041 2329 1082 2389 19
1109 2329 1126 2410 §
1153 2331 1172 2390 2
1196 2330 1230 2393 in
1253 2328 1321 2394 his.

132 2446 212 2513 toria
244 2443 387 2510 Africani
419 2465 492 2508 cnm
521 2443 646 2531 piratis,
671 2442 726 2530 qui
753 2441 791 2506 ad
815 2441 996 2532 Scipionem
1020 2457 1176 2510 armatum
1200 2449 1319 2515 scilicet

132 2577 306 2644 venerunt,
341 2577 373 2630 et
408 2587 429 2627 u
441 2563 576 2652 amplexi
610 2561 770 2628 dexteram
804 2563 888 2641 eius,
921 2565 1035 2630 osculis
1064 2566 1249 2647 coluerunt,
1280 2593 1318 2635 ac

130 2668 287 2776 reliquere
311 2684 394 2749 dona
416 2697 579 2772 tamquam
603 2682 661 2749 deo
685 2682 800 2750 dicata.
835 2684 925 2750 Laeti
949 2708 991 2750 ac
1014 2687 1108 2750 beuti
1127 2696 1197 2752 tum
1218 2689 1317 2754 deni-

131 2831 195 2899 que
213 2830 303 2873 suam
321 2805 450 2871 classem
475 2803 762 2869 conscenderunt.»
789 2802 894 2870 Codex
907 2816 1012 2870 autern
1024 2805 1139 2872 habet:
1165 2816 1232 2872 «et
1253 2810 1318 2873 teti

131 2955 175 2996 ac
203 2927 420 2994 beatitudine
444 2951 467 2991 s.
493 2925 532 2991 cl.
558 2947 661 2990 cousc.
675 2948 709 3003 ,»
734 2923 819 3014 quod
844 2923 991 3013 equidem
1015 2926 1117 2991 libens
1139 2927 1172 2992 iu
1195 2940 1315 2994 textum

129 3051 319 3141 receperim,
341 3047 367 3112 si
385 3047 471 3112 enim
493 3047 567 3110 istos
592 3046 708 3109 beatos
731 3045 896 3111 launarius
919 3045 1023 3113 dicere
1039 3049 1161 3137 potuit,
1183 3072 1315 3115 curnon

128 3172 281 3239 dedisset:
320 3181 383 3234 «et
417 3168 493 3233 laeti
526 3166 587 3231 hac
622 3166 838 3231 beatitudine
873 3190 961 3232 suam
998 3168 1128 3235 classem
1162 3192 1315 3238 conscen-

127 3291 300 3360 derunt?>›
353 3312 355 3316 ·

172 3412 304 3479 Periisse
326 3409 466 3499 suspicor
483 3407 662 3496 exemplum
674 3418 747 3472 ante
759 3408 897 3495 primum
912 3406 1030 3498 Capitis
1043 3413 1106 3490 20,
1131 3424 1314 3501 excerptum

128 3557 164 3600 ex
195 3532 322 3598 Valerio
349 3530 415 3608 ΙΙΙ,
452 3532 466 3593 l
502 3531 519 3612 §
554 3531 592 3606 Ι,
618 3551 692 3592 nam
716 3539 752 3593 ut
775 3551 908 3615 sequens
934 3526 1061 3595 Catonis
1085 3530 1204 3596 factum
1228 3513 1313 3621 apud

125 3653 216 3720 illum
246 3652 358 3741 incipit
375 3673 431 3740 per
450 3649 568 3727 Idem,
594 3641 693 3714 sicin
717 3648 886 3737 Nepotiani
911 3649 1020 3716 codiee
1043 3650 1159 3740 legitur
1180 3652 1312 3718 «Idem

131 3773 262 3854 Coto,»
287 3771 372 3862 quod
394 3793 568 3861 pronomen
593 3769 694 3835 Maius
718 3770 781 3834 alto
805 3770 928 3835 silentio
953 3784 1120 3860 presserat.

170 3896 293 3965 Ultimo
320 3893 390 3958 loco
414 3891 491 3958 Maii
513 3913 600 3956 error
623 3889 779 3955 notandus
802 3902 865 3969 est,
894 3889 968 3980 Cap.
996 3894 1036 3955 21
1065 3894 1082 3976 §
1112 3897 1126 3955 1
1153 3894 1186 3958 in
1209 3892 1312 3959 Cocli·

127 4017 165 4083 tis
197 4016 348 4082 historia:
388 4012 551 4100 «denique
587 4011 688 4076 soluta
720 4033 870 4100 compage
900 4034 958 4100 per
981 4013 1079 4091 cives,
1105 4013 1161 4078 ubi
1189 4016 1310 4105 accepit

127 4138 300 4227 fragorem,
326 4157 400 4200 cum
421 4133 515 4198 armis
538 4155 569 4197 se
591 4133 623 4196 in
645 4131 784 4196 Tiberim
805 4131 908 4210 dedit,
927 4155 964 4197 ae
980 4134 1098 4221 pariter
1118 4146 1150 4199 et
1170 4134 1309 4204 hostium

125 4258 224 4323 ricton
265 4267 297 4322 et
338 4254 477 4319 fluminis
518 4255 733 4343 superiectis
776 4252 981 4318 Etruscorum
1016 4255 1099 4318 telis
1144 4262 1310 4324 meavit.»

128 4376 225 4444 Valde
257 4376 367 4441 dubito
399 4399 438 4439 an
472 4375 519 4439 rel
551 4373 746 4462 Nepotianus
777 4373 925 4437 ultimum
954 4373 1033 4438 illud
1057 4374 1101 4439 sic
1124 4374 1228 4443 dicere
1251 4401 1310 4466 po·

127 4499 234 4578 tuerit;
265 4509 334 4562 tum
358 4495 459 4561 Maius
484 4517 521 4560 er
545 4495 721 4559 accusativo
745 4494 819 4559 fecit
839 4493 1011 4560 ablativum
1030 4509 1159 4589 propter
1178 4497 1309 4563 verbum

126 4619 205 4685 istud
242 4623 382 4696 mtuau‘t,
420 4630 450 4682 at
485 4615 546 4682 hoc
579 4629 641 4694 est,
679 4616 703 4682 si
739 4627 823 4681 recte
859 4639 972 4697 cerno,
1008 4621 1159 4696 citavit,
1198 4618 1308 4706 quidni

1031 4739 1065 4788 24
