2888 5144
147 324 209 385 128
512 341 618 388 rursu
643 344 712 388 sar.
739 324 762 387 1.
790 327 956 387 53—104.

143 520 257 573 cetera.
309 510 413 575 Potest
438 512 568 600 cogitari
593 511 719 599 quidem
745 512 783 575 de
809 513 919 600 quinto
944 510 1069 576 saeculo
1088 524 1217 601 propter
1241 511 1331 577 scho-

140 628 256 693 liorum
280 632 468 719 scripturam
488 633 662 710 cursivam,
684 631 736 696 sed
757 631 837 696 mihi
854 633 1012 721 antiquior
1025 656 1090 698 esse
1103 633 1239 698 ridetur.

185 749 287 814 Maius
316 751 349 815 in
382 752 579 818 Praelatione
610 752 633 820 l.
667 752 688 816 l.
725 777 756 840 p.
792 751 901 817 XVIII
933 753 1029 817 Persii
1054 764 1148 841 atque
1176 753 1332 819 luvenalis

139 870 224 935 locos
249 870 378 935 collatos
398 871 559 950 exhibuit,
585 872 638 937 sed
658 874 721 951 ita,
744 885 778 937 ut
799 872 878 937 mihi
898 896 1011 961 operae
1030 873 1168 961 pretium
1188 873 1332 939 rideatur

139 991 366 1057 accuratiorem
397 993 579 1086 varietatem
613 993 755 1059 lectionis
779 994 919 1081 proferre
942 1017 998 1082 pro
1022 995 1080 1071 iis,
1105 1015 1185 1081 quae
1210 994 1242 1058 in
1267 993 1330 1058 edi·

138 1111 276 1176 tionibus
321 1112 599 1179 eircumferuntnr.
665 1113 811 1178 Promisit
858 1113 934 1178 olim
982 1114 1034 1179 Pr.
1073 1113 1264 1178 Hanthalius
1298 1137 1330 1180 se

138 1231 353 1321 apographum
384 1233 552 1323 diligenter
582 1234 703 1298 factum
731 1233 964 1313 exhibiturum,
1004 1256 1111 1299 rerum
1143 1233 1248 1323 quoad
1272 1257 1330 1323 ego

136 1353 252 1432 sciam,
282 1352 423 1419 nondum
448 1357 641 1420 satisfactum
667 1368 714 1420 est
738 1378 755 1419 a
779 1357 845 1421 viro
869 1356 1062 1436 doctissim03
1091 1355 1179 1443 atqui
1201 1367 1330 1444 propter

135 1475 280 1540 eximiam
311 1475 405 1540 huius
438 1476 506 1541 folii
538 1476 759 1564 antiquitatem
789 1477 883 1541 liceat
910 1500 1013 1541 meam
1041 1475 1173 1565 prodere
1205 1474 1329 1539 collati-

134 1618 247 1674 onem,
281 1617 361 1683 quae
395 1597 540 1687 suppleat
569 1597 765 1686 parcioribus
796 1597 833 1662 iis
865 1621 882 1660 a
920 1597 960 1662 cl.
996 1596 1076 1661 Iahn
1108 1595 1264 1660 adnotatis
1295 1597 1329 1660 in

133 1716 308 1805 Prolegom.
350 1716 389 1781 ad
429 1718 570 1783 Persium
606 1739 679 1806 pag.
718 1715 859 1783 CXCVI.
911 1716 1162 1806 Orthographiac
1198 1716 1329 1782 studiosi

133 1837 280 1900 certiores
313 1837 390 1901 fient
423 1837 461 1902 de
492 1860 550 1901 usu
574 1861 592 1900 c
615 1860 671 1926 pro
697 1846 730 1915 t,
756 1860 773 1900 e
797 1860 853 1926 pro
878 1860 939 1915 oe,
966 1838 983 1899 b
1007 1860 1080 1901 cnm
1104 1859 1124 1899 o
1149 1838 1328 1925 promiscue

134 1954 312 2035 adhibitae,
339 1956 356 2020 ε’
379 1971 450 2047 post
472 1983 498 2021 x
520 1957 718 2035 deficientis,
744 1956 923 2046 duplicatae
948 1959 979 2036 l,
1006 1981 1045 2035 n,
1064 1981 1113 2047 p,
1139 1970 1169 2022 et
1192 1981 1327 2047 praepo·

134 2077 258 2150 sitionis,
276 2078 328 2141 ed
348 2078 382 2142 in
405 2103 494 2169 ap,
519 2102 574 2143 nc·
586 2127 595 2156 ,
621 2089 681 2143 cet.
708 2080 868 2143 vertentis.

178 2198 279 2264 Probe
304 2199 367 2264 scio
391 2199 490 2265 Persii
512 2199 611 2266 textui
634 2198 680 2263 nil
705 2197 786 2264 lucri
810 2199 880 2266 fieri
903 2223 939 2264 ex
959 2200 1018 2265 hac
1039 2197 1230 2277 collatione,
1250 2222 1326 2265 nam

131 2318 165 2383 in
196 2323 238 2383 52
272 2319 333 2384 illis
357 2320 496 2385 versibus
522 2323 563 2385 48
587 2319 738 2384 lectiones
762 2342 803 2384 ne
826 2318 930 2383 dicam
953 2341 1075 2383 errores
1098 2319 1324 2397 inveniuntur,

132 2438 217 2504 unde
246 2438 285 2504 de
309 2439 506 2518 editionum,
532 2439 646 2528 quibus
667 2440 806 2517 utimur,
831 2440 1022 2529 praestantia
1046 2462 1120 2528 prae
1141 2439 1250 2507 codice
1274 2465 1325 2506 re·

131 2559 294 2625 motissimi
329 2562 479 2650 temporis
513 2560 666 2626 iudicium
699 2560 766 2626 fiat.
826 2560 888 2626 Sed
920 2561 981 2625 hoc
1015 2561 1081 2649 ipso
1115 2561 1250 2639 incitor,
1288 2575 1325 2626 ut

131 2702 167 2745 ex
202 2681 324 2747 schedis
359 2683 437 2746 meis
468 2682 529 2746 hoc
560 2679 672 2745 folium
703 2681 881 2768 proferam,
915 2681 1116 2747 utilissimum
1139 2681 1320 2772 exemplum

131 2799 216 2888 quod
238 2802 276 2866 iis
300 2801 487 2880 obiiciatur,
513 2801 622 2890 quiin
643 2800 804 2866 codicibus
824 2813 948 2865 tantum
969 2802 1169 2868 classicorum
1190 2826 1321 2868 manum

129 2923 260 3011 reperiri
287 2945 377 3013 posse
409 2922 614 2990 contendant.
665 2920 769 2985 Lubet
800 2921 887 2986 hunc
918 2923 1062 2988 evolvere
1089 2923 1208 2989 librum
1233 2925 1320 2989 Lati-

130 3064 207 3107 num
238 3065 301 3130 qno
327 3044 518 3132 antiquiores
541 3042 591 3107 rix
615 3040 725 3107 decem
748 3040 828 3106 mihi
849 3041 978 3107 laudare
1002 3045 1138 3132 poteris,
1164 3046 1317 3133 scriptum

129 3185 166 3227 eo
197 3175 338 3253 tempore
371 3188 433 3253 quo
457 3163 578 3229 librarii
601 3162 713 3228 Latine
737 3162 950 3251 loquebantur
973 3176 1004 3230 et
1028 3163 1228 3243 scribebant,
1255 3167 1318 3230 imo

129 3283 210 3349 nihil
234 3285 340 3363 aliud,
373 3299 404 3351 et
429 3284 534 3350 tamen
559 3285 603 3349 sic
627 3306 693 3348 sese
718 3283 814 3350 habet
839 3284 935 3349 Persii
959 3296 1143 3363 contextus,
1176 3299 1212 3350 ut
1237 3288 1320 3376 opti·

128 3427 198 3469 mus
230 3407 363 3495 quisque
395 3405 496 3471 editor
520 3405 642 3469 etiamsi
670 3428 734 3469 non
758 3405 920 3470 Romanus
943 3405 1073 3470 meliora
1098 3404 1170 3483 det,
1195 3418 1227 3471 et
1250 3407 1318 3472 iure

128 3549 184 3591 sno
219 3538 345 3616 spernat
369 3526 628 3614 negligentissimi
651 3538 747 3614 atque
771 3526 1016 3614 ignorantissimi
1037 3525 1158 3591 librarii
1182 3549 1314 3594 errores.

174 3646 246 3712 Non
280 3647 466 3712 crediderim
500 3645 561 3711 hoc
593 3647 728 3712 severius
760 3647 1000 3735 pronuntiatum
1036 3645 1074 3711 de
1106 3669 1164 3724 eo,
1196 3649 1253 3735 qui
1284 3649 1317 3713 in

128 3769 191 3835 fine
220 3768 394 3834 hexametri
422 3768 544 3856 scripsit
568 3772 678 3832 exiiet
701 3791 758 3858 pro
782 3777 896 3833 exstet
919 3792 950 3834 r.
977 3772 1017 3833 57
1030 3818 1040 3847 ,
1066 3768 1118 3832 cui
1141 3767 1217 3832 item
1241 3767 1317 3833 dac·

20 3965 23 3971 ¹
126 3889 240 3976 tylicns
272 3911 377 3954 versus
407 3912 465 3978 per
496 3889 631 3953 nihilne
655 3889 769 3978 pudet
799 3912 827 3953 r.
862 3892 905 3953 83
936 3888 1061 3977 incipit3
1096 3889 1158 3952 iam
1189 3888 1245 3954 ubi
1267 3890 1316 3956 rel

126 4021 227 4075 metro
250 4032 313 4074 non
340 4008 510 4087 retinetur,
536 4008 613 4097 quid
633 4009 749 4075 mirum
769 4010 864 4073 istum
882 4032 911 4074 r.
935 4013 976 4074 58
994 4007 1114 4073 dedisse
1138 4007 1197 4075 «0
1221 4009 1313 4089 Iane,

125 4153 229 4216 qnam
259 4128 348 4194 nulla
369 4129 491 4194 ciconia
511 4128 652 4217 pinsit,»
681 4128 736 4193 ubi
759 4128 893 4194 editores
918 4128 1060 4194 scribunt
1084 4151 1204 4217 queam
1231 4129 1315 4195 diffi-

125 4250 186 4314 cile
209 4262 289 4315 esset
312 4249 475 4336 ignoscere
499 4249 627 4314 librario
651 4249 794 4315 Romano
818 4251 976 4340 ignoranti
1001 4249 1076 4338 quid
1100 4251 1139 4314 sit
1163 4273 1183 4313 r<
1196 4251 1314 4317 Graece

124 4370 265 4458 nugari»
298 4381 392 4457 atque
431 4372 562 4438 Graeci
592 4371 743 4437 scribenti
774 4395 803 4436 r.
833 4377 895 4450 70,
920 4372 980 4436 nisi
1004 4370 1076 4436 luce
1100 4370 1214 4436 elarius
1235 4386 1314 4439 esset

124 4490 286 4556 hominem
309 4512 373 4554 non
400 4506 577 4558 assecutum
601 4517 667 4559 esse
690 4494 752 4559 loci
776 4515 922 4571 sensum,
947 4514 1006 4557 nec
1031 4515 1060 4556 r.
1087 4493 1129 4557 85
1154 4495 1232 4578 qui,
1254 4515 1313 4558 nec

126 4634 152 4677 r.
189 4615 230 4677 87
267 4611 459 4694 laudatus‚·
496 4616 572 4681 item
606 4617 686 4681 ratio
720 4615 801 4702 sugit
835 4613 955 4678 bonum
990 4613 1172 4701 scriptorem
1204 4637 1234 4679 r.
1270 4616 1311 4680 92
