2888 5144
129 308 191 370 156
565 324 593 369 c.
619 323 729 372 ruerus
754 326 884 374 moron.

171 489 324 557 Similiter
351 515 408 582 pro
433 467 529 560 ¹verbo
554 496 728 584 composito
748 495 849 559 Maius
869 493 956 560 dedit
979 494 1155 583 simplicem
1178 496 1316 561 formem

125 635 192 700 seq.
216 634 308 678 versu
329 616 579 681 «exercitatione
597 629 628 683 et
652 615 817 680 discendo
842 628 984 681 auctores
1008 617 1142 704 optimos
1167 616 1318 683 adhunc

126 733 259 799 candem
295 757 389 801 cursu
422 737 605 825 perveniet,
643 736 684 801 ad
717 758 815 825 qnam
838 737 918 800 ratio
941 735 1107 802 deducit.»
1142 734 1255 803 Scribe
1277 750 1320 803 ut

126 868 173 921 est
194 857 229 920 in
252 855 360 922 codice
385 855 579 923 ediscendo.

172 975 257 1041 Duas
279 978 399 1066 primae
418 1000 547 1056 manus,
572 979 607 1043 ni
628 978 741 1056 fallor,
766 978 976 1043 correctiones
987 977 1089 1043 editor
1101 979 1218 1066 sprevit
1232 975 1316 1070 Cap.

127 1095 242 1174 XXII,
264 1120 338 1187 pag.
364 1101 428 1163 255
451 1121 481 1163 r.
511 1101 572 1177 17,
597 1097 653 1163 ubi
676 1121 713 1164 ex
739 1097 954 1182 Quinctiliano
978 1097 1002 1162 Ι.
1031 1095 1071 1163 0.
1097 1097 1154 1164 IX.
1181 1103 1218 1177 3,
1239 1098 1318 1164 Vic-

126 1228 176 1281 tor
209 1217 304 1283 tradit
338 1230 457 1284 rcteres
491 1218 603 1284 dixisse
636 1217 849 1284 «incumbere
885 1219 1026 1297 illump)
1063 1231 1095 1284 at
1129 1219 1163 1283 in
1197 1217 1320 1286 Codice

126 1350 303 1403 correctum
327 1351 373 1404 est
395 1339 644 1428 transpositionis
667 1338 785 1404 indicio
796 1388 806 1418 ,
827 1351 864 1404 ut
886 1338 943 1404 fiat
966 1343 1005 1403 in
1029 1341 1140 1404 illum.

173 1459 252 1523 Tum
288 1483 318 1524 r.
355 1462 396 1524 21
433 1460 578 1524 futurum
612 1457 850 1525 rescribendum
881 1472 928 1525 est
962 1483 999 1525 ex
1034 1459 1257 1528 emendatione
1280 1462 1317 1528 in

124 1578 192 1646 bis:
243 1579 317 1645 «dt
346 1580 402 1669 qui
431 1580 567 1645 nimium
596 1579 808 1658 affectarent,
841 1580 942 1669 ipsam
964 1578 1053 1644 illam
1075 1582 1208 1669 gratiam
1233 1584 1318 1650 reri-

125 1700 197 1765 tatis
221 1703 399 1765 amittet.»

173 1821 325 1911 Sequitur
355 1846 388 1911 p.
424 1825 488 1886 256
518 1846 546 1886 v.
573 1826 591 1886 7
616 1823 692 1902 item
716 1823 837 1911 primae
860 1844 973 1888 manus
996 1822 1193 1902 emendatio,
1219 1846 1322 1912 quam

125 1965 291 2032 perperam
328 1942 428 2008 Maius
464 1942 583 2007 omisit:
645 1942 719 2008 «lt
754 1945 781 2007 si
815 1944 934 2033 aperias
969 1943 1067 2022 haec,
1104 1966 1186 2032 quae
1221 1944 1321 2010 rerbo

126 2087 190 2129 uno
214 2064 340 2128 clauso
364 2074 473 2141 erant,
499 2060 735 2151 apparebunt.»
771 2063 892 2130 Victori
909 2062 1069 2129 reddenda
1092 2078 1138 2131 est
1162 2067 1318 2132 inclusa.

173 2181 292 2249 Contra
323 2183 534 2272 compositum
564 2205 622 2272 pro
651 2182 749 2248 rerbo
772 2182 907 2272 simplici
929 2183 1035 2272 posuit
1057 2182 1159 2249 editor
1181 2184 1261 2252 ibid.
1287 2208 1319 2252 r.

127 2309 190 2371 37:
217 2316 358 2383 autea,
384 2326 465 2392 quae
489 2326 583 2393 supra
607 2303 824 2382 edisca'mus,»
850 2327 911 2392 quo
932 2325 1025 2369 sensu
1047 2304 1203 2370 diximus
1223 2329 1321 2373 suum

125 2426 233 2491 locum
257 2424 388 2490 obtinet.

172 2547 270 2614 Periit
298 2545 411 2634 copula
425 2607 427 2612 ,
440 2554 475 2609 et
501 2567 558 2634 per
585 2545 757 2635 scripturae
779 2544 1016 2635 compendium,
1040 2545 1162 2612 librarii
1180 2570 1318 2615 manus:

126 2649 277 2782 ititquille
316 2689 399 2754 Maio
431 2700 477 2754 est
510 2688 744 2791 «tranquille»
787 2687 916 2778 Corrige
944 2690 1007 2755 iam
1030 2714 1062 2779 p.
1088 2694 1152 2756 u57
1185 2714 1215 2757 v.
1247 2696 1318 2758 ⁴37:

128 2823 149 2862 «
159 2798 262 2864 Debet
296 2818 370 2885 ergo
402 2804 436 2860 et
463 2795 655 2883 tranquille,
688 2807 724 2860 ut
746 2794 801 2860 ille
824 2795 960 2875 medius3
987 2795 1081 2862 debet
1103 2809 1136 2862 et
1160 2797 1323 2864 subtiliter

230 2916 325 2983 debet
347 2928 380 2981 et
403 2914 645 2980 vehementer.»
740 2958 743 2967 ·

132 3084 136 3089 -
175 3036 277 3126 Saepe
295 3035 409 3101 accidit
427 3035 462 3099 in
480 3034 702 3125 compendiosa
722 3038 876 3126 scriptura
894 3049 930 3102 nt
946 3037 1087 3104 diversae
1111 3040 1204 3104 unius
1230 3039 1321 3106 verbi

129 3159 367 3224 terminationes
389 3155 500 3222 iisdem
525 3158 608 3247 siglis
630 3158 866 3247 significentur,
892 3159 945 3224 sed
967 3158 1054 3225 haud
1080 3161 1145 3225 scio
1169 3183 1210 3225 an
1234 3173 1322 3229 recte

129 3274 314 3365 explicuerit
338 3275 458 3341 Maius:
485 3253 530 3340 bi
543 3299 601 3365 per
624 3277 738 3341 brevis
759 3300 789 3343 r.
814 3280 855 3341 18
876 3290 908 3342 at
921 3278 1072 3342 breviter
1086 3301 1111 3343 r.
1126 3282 1169 3342 20
1181 3302 1214 3367 p.
1230 3282 1318 3346 2582

130 3394 288 3463 «Comma
311 3409 358 3462 est
381 3398 505 3462 concisa
527 3398 561 3462 in
581 3398 718 3486 singulas
730 3411 833 3494 partes
845 3397 959 3463 brevis
980 3398 1098 3477 oratio,
1120 3411 1156 3464 ut
1175 3412 1221 3465 est
1238 3399 1321 3466 illud

131 3517 215 3608 apud
247 3517 290 3584 Μ.
322 3516 482 3585 Tullium:
517 3519 612 3599 obiit,
638 3522 789 3599 excessit,
813 3520 928 3598 evasit,
953 3519 1088 3608 erupit?
1120 3517 1221 3585 Colon
1245 3543 1319 3587 vero

130 3664 188 3731 per
209 3640 352 3706 membra
379 3639 528 3706 delinitae
552 3641 703 3705 breviter
726 3641 899 3720 dictiones,
925 3652 960 3705 ut
982 3653 1028 3706 est
1053 3640 1135 3730 apud
1160 3641 1316 3707 eundem:

131 3784 296 3851 quousque
330 3761 459 3826 tandem
495 3760 624 3826 abutere
661 3759 797 3827 Catilina
832 3761 984 3851 patientia
1008 3762 1139 3826 nostra?
1165 3761 1318 3850 quamdiu

130 3898 162 3951 te
192 3887 255 3949 iam
286 3884 374 3947 furor
404 3883 461 3945 iste
493 3892 566 3945 tuus
597 3881 728 3948 eludet?
765 3904 861 3971 quem
893 3881 932 3946 ad
956 3882 1053 3947 finem
1077 3905 1142 3948 sese
1164 3882 1318 3948 effrenata

131 4004 260 4069 iactabit
283 4001 465 4066 audaciat»
515 4000 631 4086 Quidni
655 4002 795 4092 legamus
820 4000 967 4067 breves?

177 4121 255 4212 Cap.
290 4120 415 4200 XXIV,
448 4143 520 4210 pag.
557 4125 622 4186 259
651 4144 680 4186 v.
715 4126 755 4187 25
784 4122 907 4187 etiamsi
930 4123 975 4187 sic
1000 4146 1126 4212 quoque
1150 4125 1183 4191 in
1208 4125 1316 4192 codice

130 4257 228 4310 exstat
260 4243 394 4309 coniicio
425 4241 593 4330 legendum
626 4242 749 4307 Marci
783 4242 895 4308 Tullii
924 4266 980 4332 pro
1012 4248 1159 4309 maximi
1174 4245 1314 4324 Tullii,

130 4367 247 4455 quippe
275 4364 330 4453 qui
362 4364 427 4429 iere
452 4385 575 4452 semper
599 4386 654 4428 suo
678 4364 882 4452 praenomine
907 4387 969 4429 non
994 4388 1067 4430 vero
1091 4364 1152 4430 hoc
1176 4367 1316 4456 epitheto

130 4487 264 4577 gaudeat
288 4485 371 4576 apud
396 4485 567 4551 Victorem.

176 4611 294 4676 Verum
318 4631 381 4673 nun
407 4620 471 4685 cst,
501 4609 584 4696 quod
610 4609 710 4675 Maius
735 4608 772 4673 ad
798 4631 867 4696 pag.
895 4610 955 4672 261
985 4630 1012 4675 r.
1042 4613 1060 4673 4
1086 4608 1215 4674 adnotat
1240 4631 1316 4674 con-
