2888 5144
61 342 63 346 ’
172 347 233 396 vm
719 362 815 376 --

175 545 253 611 Tum
285 544 469 611 vocabulum
504 541 654 630 (Scipio)>
676 543 748 632 Cap.
777 548 819 610 57
846 547 863 628 §
891 547 933 608 58
956 544 991 608 in
1015 541 1146 607 editione
1168 542 1267 607 attera
1288 560 1358 624 sup-

166 698 289 785 pletum
327 695 561 803 Vitbemainius3
580 695 657 760 atim
686 696 721 760 in
752 693 927 781 marginem
957 692 1128 769 reiecerat,
1161 712 1221 755 non
1244 688 1358 755 Maius.
1422 743 1424 747 ,

170 848 270 914 Parra
307 847 381 932 Gap.
417 849 458 910 42
495 848 512 930 §
545 849 587 911 66
622 843 716 933 (mihi
735 867 795 931 pro
817 845 896 923 tihi,
919 865 980 910 nore
1005 842 1074 931 nbi)
1098 844 1163 909 iam
1185 842 1360 907 innotuerat

169 1000 305 1064 varietas
317 997 436 1083 prioris
459 996 602 1061 editionis
620 995 662 1061 iis
682 996 793 1061 saitem
811 995 990 1073 tectoribus,
1013 995 1117 1080 quiin
1138 994 1213 1059 iocis
1233 1014 1358 1080 corrup-

170 1150 210 1214 tis
242 1159 331 1215 notas
353 1149 478 1214 criticus
499 1169 560 1212 non
585 1155 789 1213 contemnunt.
837 1144 958 1211 Deinde
978 1144 1083 1210 dubito
1106 1155 1225 1210 rectene
1249 1145 1361 1231 deperit

103 1284 105 1287 ⁵
172 1299 245 1386 Cup.
277 1305 316 1366 18
343 1303 361 1385 §
387 1305 429 1367 50
455 1298 594 1388 (quaerit
612 1319 673 1385 pra
697 1296 776 1384 qnid
796 1297 866 1384 sit).
915 1295 1063 1383 Sequitur
1088 1296 1160 1383 Cep.
1193 1300 1234 1361 16
1265 1300 1283 1381 §
1317 1300 1358 1361 18

171 1449 392 1540 (Scipionique
422 1470 482 1536 pra
519 1448 661 1536 Scipioni
694 1448 768 1537 quo)
805 1457 835 1512 et
868 1447 940 1533 Cap.
978 1452 1020 1513 58
1057 1450 1075 1532 §
1107 1451 1151 1514 60
1184 1447 1271 1536 (vere
1299 1467 1359 1532 pro

170 1601 331 1690 movere),
366 1612 494 1688 uterque
531 1601 616 1667 locus
650 1624 669 1666 a
703 1601 780 1665 uiris
811 1600 909 1666 doctis
932 1599 1112 1665 emendatus
1134 1607 1218 1676 erat,
1247 1599 1360 1684 quibus

169 1752 273 1817 Maius
302 1754 497 1839 subscripsit,
521 1752 596 1817 dum
620 1772 660 1816 en
683 1771 752 1816 mea
778 1750 946 1815 Gabbatione
970 1750 1130 1842 apparebit
1153 1751 1219 1816 iarn
1242 1770 1358 1815 carrec-

171 1912 269 1970 torem
291 1903 351 1967 ibbo
373 1903 407 1967 in
426 1903 629 1989 palimpsesto
653 1901 841 1967 emendasse.
888 1899 1029 1986 Denique
1051 1901 1084 1964 in
1110 1900 1182 1984 Gap.
1207 1904 1251 1966 40
1274 1902 1292 1983 §
1315 1903 1358 1964 62

170 2053 219 2118 air
250 2052 356 2118 doctus
385 2055 552 2140 acquiescit
580 2055 615 2118 in
644 2051 723 2117 Maii
753 2053 937 2117 correctione
969 2050 1028 2140 (de
1050 2070 1114 2137 qua
1134 2049 1360 2138 progrediente

172 2204 315 2270 oratione
353 2202 464 2270 futura
497 2223 549 2270 nne
581 2201 747 2268 dicturum
778 2209 856 2289 puto
881 2224 939 2290 pra
971 2201 1010 2268 de
1041 2222 1104 2288 qno
1135 2201 1360 2289 progrediente

172 2355 314 2420 oratione
332 2362 469 2420 ventura
491 2374 543 2419 me
563 2352 727 2419 dicturum
745 2351 835 2441 puto)
856 2353 972 2418 iamin
992 2354 1072 2418 oratis
1092 2353 1168 2418 otim
1184 2353 1360 2440 proposita,

172 2505 225 2570 sed
248 2505 322 2572 item
337 2506 522 2592 spernenda,
544 2527 618 2570 nam
639 2506 720 2591 quod
744 2506 805 2570 oiri
825 2505 905 2570 docti
926 2506 1117 2571 coniecerant
1135 2503 1363 2582 inuitamenta

171 2654 295 2742 quidem
330 2657 486 2734 conuenit,
520 2678 628 2722 oerum
660 2665 729 2721 mea
762 2656 930 2721 Collatione
954 2657 1079 2721 adiutus
1112 2654 1240 2722 Cebetas
1267 2653 1360 2741 plura

172 2807 343 2892 supplendo
369 2828 477 2871 aeram
507 2805 605 2871 Tutbii
639 2828 768 2871 marcaon
792 2809 945 2872 restitnit.
993 2806 1103 2893 Perpit
1126 2807 1175 2870 oir
1198 2806 1305 2871 doctus
1326 2806 1360 2868 in

173 2957 238 3023 laco
266 2957 304 3021 de
328 2956 564 3043 ortboprapbia,
587 2957 621 3021 in
644 2979 706 3043 pua
728 2958 804 3043 quid
827 2959 926 3024 attera
946 2959 1046 3045 priori
1066 2957 1194 3022 editioni
1206 2965 1360 3041 praestet,

171 3129 254 3173 nune
281 3108 440 3194 inquirere
468 3130 528 3174 non
556 3109 657 3184 tubat:
692 3130 753 3174 uno
781 3109 846 3175 baca
879 3110 1052 3196 defungar,
1080 3128 1171 3194 quem
1198 3108 1283 3173 idem
1306 3107 1361 3172 itte

173 3261 277 3348 attipit
305 3261 346 3350 (p
382 3259 481 3348 667),
516 3258 674 3326 LibriII
709 3270 754 3326 est
787 3261 860 3348 Cap.
894 3265 914 3326 4
947 3263 965 3346 §
995 3264 1032 3340 7,
1065 3260 1119 3325 ubi
1143 3259 1302 3346 disputant
1323 3258 1362 3322 de

174 3411 356 3478 adventiciis
397 3412 552 3478 mercibus
591 3412 790 3499 moribusque
822 3414 856 3478 in
889 3413 1018 3478 urbibus
1051 3411 1221 3476 maritimis
1253 3407 1361 3497 (atque

174 3561 272 3628 etiarn
305 3580 407 3646 quum
435 3568 567 3627 manent
597 3582 750 3649 corpore,
783 3564 890 3629 animo
918 3569 1027 3628 tannen
1051 3566 1229 3627 excurrunt
1252 3567 1284 3626 et
1307 3581 1361 3625 va-

177 3710 328 3799 gantur),
351 3709 455 3775 Maius
474 3712 656 3777 varietatem
674 3721 833 3778 nataverat
847 3717 1039 3786 excurrant,
1059 3710 1141 3775 unde
1159 3714 1279 3798 sactum
1297 3720 1363 3774 erat

172 3862 359 3937 excnrlant;
389 3861 451 3925 oiri
480 3861 561 3927 docti
588 3867 730 3950 fecerunt
749 3867 942 3940 excursant,
973 3861 1054 3949 quod
1073 3863 1268 3950 ingeniosum
1297 3882 1362 3926 esse

174 4012 257 4078 discit
273 4023 303 4078 et
322 4012 511 4078 buesitanter
530 4035 590 4079 non
611 4014 741 4102 aceepit;
765 4013 819 4079 sed
843 4012 1060 4079 haesitandum
1078 4023 1232 4092 nouerat,
1253 4033 1362 4077 oerum

174 4164 277 4230 codice
311 4165 426 4229 iterum
460 4165 596 4252 inspecto
627 4164 729 4252 begere
760 4165 907 4231 debuerat
929 4164 1078 4239 exulant3
1100 4168 1147 4231 sia
1170 4167 1256 4229 enim
1277 4172 1362 4230 reate

174 4315 374 4381 emendatum
399 4324 456 4380 est.

220 4465 280 4532 list
310 4474 413 4532 autem
445 4467 496 4532 bic
526 4489 607 4533 unus
631 4491 647 4534 e
669 4470 777 4535 mattis
797 4470 865 4535 iltis
889 4471 982 4549 locis,
1003 4470 1057 4535 ubi
1082 4466 1185 4533 Maius
1208 4467 1361 4553 carpenda

174 4620 310 4705 quadam
334 4617 525 4707 nepbipentia
549 4621 675 4689 miscuit
703 4624 854 4691 secundae
881 4645 992 4692 manus
1020 4620 1262 4688 emendationem
1290 4640 1361 4686 cuno
