2888 5144
588 338 850 386 nannoarrorns
1250 321 1312 381 153

172 508 251 598 Gap.
289 508 351 587 XI,
388 529 460 597 pag.
499 511 563 573 233
601 531 629 571 r.
668 512 710 573 26
742 509 913 597 requiritur
946 506 1183 585 coniunctirus,
1217 527 1313 594 quem

125 642 212 696 recte
243 627 369 694 exhibet
392 627 473 692 liber
494 628 746 716 manuscriptus:
796 627 870 692 «lt
893 650 966 693 vero
988 627 1050 692 hoc
1071 629 1176 716 ipsum
1199 625 1313 691 deinde

124 747 511 838 exsequitur-deinde
531 748 654 836 longius
670 761 921 837 prosequatur.»
954 746 1064 814 Scribe
1087 756 1311 835 exsequatur.

170 869 311 935 Adnotat
344 868 446 934 Maius
481 867 520 932 ad
554 867 669 933 rerba:
719 868 788 934 «In
823 867 993 933 eliciendo
1023 867 1313 956 enthymematibus

124 1013 196 1055 raro
216 988 371 1055 utendum
394 1001 471 1054 est»
494 1012 527 1078 p.
554 992 620 1055 234
644 1014 674 1053 r.
691 994 756 1067 33,
780 990 825 1054 ita
847 988 965 1054 habere
989 988 1152 1068 codicem,
1177 1002 1209 1054 at
1232 986 1312 1054 duo-

123 1125 175 1176 tus
195 1112 250 1199 qui
267 1109 390 1176 litterae
408 1109 434 1173 d
451 1108 620 1187 adhaeret,
645 1131 710 1173 non
730 1109 848 1174 indicat
872 1109 1010 1175 litteram
1034 1133 1053 1173 o
1075 1133 1184 1176 rerum
1202 1110 1312 1175 termi-

122 1231 286 1297 nationem
314 1233 358 1294 is.

124 1396 128 1403 -
171 1348 267 1416 Aliud
287 1349 403 1415 excidit
421 1351 523 1439 primo
547 1349 659 1414 editori
683 1372 778 1437 quam
802 1350 927 1416 solebat
951 1350 1029 1440 Gap.
1045 1350 1127 1430 XII,
1152 1375 1185 1440 p.
1201 1355 1265 1417 235
1279 1374 1309 1416 r.

126 1475 187 1551 163
209 1470 249 1535 ad
273 1469 388 1535 rerba:
425 1492 448 1533 t<
459 1470 674 1559 Reprehensio
697 1482 762 1549 est,
785 1494 842 1560 per
865 1494 960 1560 quam
986 1472 1235 1561 argumentando
1256 1472 1312 1536 ad·

121 1593 331 1658 versariorum
370 1591 567 1656 confirmatio
603 1590 743 1656 deluitur
774 1605 828 1657 aut
859 1592 1094 1657 adleoiotor»
1129 1593 1307 1659 adnotavit:

122 1714 194 1779 «ita
227 1711 307 1780 cod.
336 1719 348 1776 l
376 1735 494 1791 manu,
520 1716 540 1776 2
565 1711 763 1776 adlevatur.
811 1711 874 1779 Sed
895 1713 949 1777 illa
967 1715 1054 1803 prior
1077 1713 1240 1780 retinenda
1263 1725 1311 1778 est

121 1834 281 1900 verissima
315 1832 411 1897 lectio
442 1843 551 1897 contra
587 1833 768 1898 criticorum
799 1831 1048 1900 dubitationes.»
1097 1834 1139 1899 lt
1172 1833 1310 1901 Orellius

122 1954 255 2021 terbum
285 1952 468 2018 »dlectare
498 1974 623 2041 prorsus
652 1951 823 2039 barbarum
846 1977 913 2019 esse
934 1955 1060 2020 clamat.
1109 1957 1225 2033 Recte,
1250 1977 1310 2020 nec

122 2074 205 2142 istud
237 2073 405 2140 defendere
432 2073 536 2161 potuit
560 2073 677 2152 Maius,
702 2096 776 2138 nam
800 2074 887 2163 prior
909 2075 1026 2155 lectio,
1050 2099 1146 2164 quam
1169 2076 1310 2141 retinen-

121 2195 196 2261 dam
218 2207 348 2270 monet,
373 2204 420 2258 est
443 2193 651 2271 adlevatur,
677 2194 833 2259 secundae
856 2199 966 2262 manui
989 2197 1157 2264 tribuenda
1180 2209 1226 2262 est
1250 2199 1276 2260 i.

166 2313 336 2400 Perpetem
363 2312 441 2400 legit
471 2311 572 2377 editor
604 2293 646 2376 cri
676 2313 732 2376 ubi
762 2314 864 2377 estin
888 2313 969 2378 libro
993 2323 1051 2390 ut,
1078 2315 1162 2404 quod
1186 2316 1309 2381 etiamsi

121 2431 316 2523 imprudenti
345 2431 486 2496 accidere
515 2445 637 2521 potest,
669 2433 767 2497 miror
797 2433 836 2497 ab
863 2432 981 2499 Orellio
1004 2458 1069 2498 non
1093 2459 1158 2501 esse
1182 2459 1308 2501 correc-

121 2568 205 2631 tum;
243 2564 290 2618 est
323 2575 355 2640 p.
393 2555 456 2615 237
487 2575 515 2615 r.
548 2555 588 2616 6:
639 2551 735 2616 «dut
763 2576 836 2616 cum
869 2574 1082 2633 commune,»
1112 2555 1168 2620 ubi
1200 2557 1310 2622 Victor

91 2699 97 2709 ·
121 2675 208 2741 dedit
231 2682 289 2752 ot,
324 2671 591 2760 quemadmodum
618 2673 652 2736 in
676 2673 896 2762 sequentibus:
923 2687 1009 2739 «aut
1033 2688 1068 2740 ut
1091 2677 1238 2766 vulgare,
1262 2714 1309 2728 -

122 2808 175 2861 ant
198 2807 235 2861 ut
256 2795 342 2873 lere,
366 2830 412 2842 -
436 2806 490 2859 aut
513 2806 549 2859 ut
572 2806 767 2860 remotum.»

164 2915 326 2983 Librarius
354 2916 477 3004 scripsit
500 2923 550 2993 ct,
580 2915 637 2980 ubi
658 2916 692 2980 in
716 2916 853 2982 editione
876 2931 922 2982 est
946 2922 1069 2998 etiam,
1097 2917 1175 3008 Cap.
1203 2919 1303 2997 XIII,

119 3060 191 3127 pag.
226 3040 291 3102 238
319 3060 348 3102 r.
377 3039 440 3101 23:
490 3035 604 3102 «Sunt
635 3037 861 3126 propositiones
889 3061 954 3103 non
978 3050 1103 3104 tantum
1127 3039 1303 3130 simplices,

119 3160 303 3227 sedetiam
327 3158 468 3246 duplices
492 3170 524 3223 et
546 3157 780 3247 multiplices.»

165 3278 257 3364 Quod
294 3302 387 3368 supra
417 3290 503 3343 recte
532 3277 571 3341 ab
602 3276 721 3343 Orellio
750 3293 927 3345 correctum
957 3280 1020 3346 diri
1052 3280 1215 3346 diversus
1246 3305 1304 3373 pro

120 3401 258 3467 divisos
281 3399 493 3477 rescribente,
518 3399 616 3462 miror
635 3421 699 3463 non
723 3399 799 3465 item
828 3423 893 3466 esse
911 3403 1090 3467 restitutum
1112 3401 1189 3492 Gap.
1215 3403 1304 3482 XIV,

119 3545 190 3612 pag.
226 3525 288 3587 241
318 3545 348 3587 v.
383 3523 444 3598 10,
469 3518 554 3607 quod
577 3542 664 3584 nunc
686 3518 767 3584 mihi
788 3519 893 3586 facere
916 3520 1011 3586 liceat
1035 3523 1149 3588 collato
1174 3523 1301 3589 codice:

119 3643 221 3709 «Hoc
243 3642 341 3731 igitur
362 3640 526 3706 vitandum
549 3653 615 3717 est,
639 3663 680 3705 ne
704 3640 793 3706 cuins
812 3641 934 3729 generis
954 3644 1111 3731 posueris,
1136 3645 1203 3709 eius
1223 3644 1304 3710 sic'nt

119 3763 258 3853 aliquam
289 3762 441 3827 divisam
472 3785 508 3828 ac
531 3762 714 3828 dissimilem
737 3774 860 3851 partem
883 3786 1024 3853 ponas,»
1047 3787 1144 3830 nexus
1167 3767 1306 3855 postulat

85 3935 100 3953 .
119 3883 307 3949 diversam.

164 4005 256 4071 Letis
302 4027 389 4069 error
424 4003 626 4094 corrigendus
661 4017 707 4069 est
743 4000 819 4092 Gap.
855 4002 934 4081 XV,
973 4026 1046 4093 pag.
1078 4007 1143 4069 242
1175 4030 1204 4071 r.
1240 4011 1301 4074 20:

117 4125 222 4192 «Non
245 4137 370 4191 tanturn
394 4127 427 4190 in
448 4125 651 4214 prohoemio,
677 4123 730 4191 sed
747 4125 781 4188 in
802 4125 888 4188 omni
910 4136 999 4213 parte
1017 4125 1148 4190 actionis
1169 4129 1304 4195 manime

115 4244 262 4335 prodest,
298 4257 334 4311 ut
367 4244 508 4309 dicturus
542 4245 723 4323 intueatur,
759 4245 813 4333 qui
846 4244 943 4333 (recte
973 4246 1136 4335 proposuit
1167 4245 1305 4316 Orellius

118 4365 217 4454 quid)
243 4378 274 4431 et
298 4364 381 4455 apud
405 4388 500 4454 quem
521 4377 552 4430 et
575 4388 632 4454 pro
657 4389 720 4454 quo
839 4364 1009 4431 dicendum
1033 4367 1080 4431 sit.
1129 4368 1177 4433 Ita
1197 4374 1303 4435 etiam

117 4487 257 4565 facilius,
285 4487 362 4575 quid
380 4485 608 4566 adnitendum,
632 4489 748 4577 poterit
773 4488 931 4553 institui.»
968 4489 1005 4552 In
1030 4489 1139 4556 codice
1162 4504 1208 4557 est
1231 4514 1303 4556 rera

117 4608 251 4675 Victoris
273 4630 385 4674 manus
409 4612 510 4674 enim.

1026 4731 1062 4781 17
