2888 5144
167 292 207 352 10
543 309 662 357 cronno
687 310 729 357 nn
754 309 795 358 nr
820 310 974 359 runmcr.

161 491 280 567 puncto
313 493 421 545 ornata
454 479 511 558 sit,
551 504 632 570 quae
663 482 730 547 sine
760 480 827 546 ullo
859 480 998 546 Tulliani
1028 482 1129 570 operis
1160 480 1349 550 detrimento

162 599 338 688 spernenda
361 624 427 665 esse
451 601 618 668 contendo.

207 718 290 786 Sunt
320 720 441 809 quibus
475 721 538 787 alia
573 722 811 813 ratioplaoet,
847 735 879 790 et
910 746 951 788 ne
980 721 1169 788 levissimam
1197 721 1348 789 lineolam

162 839 323 928 apicemra
345 839 571 930 negligendum
594 842 753 922 clamant,
778 843 895 933 quippe
919 865 1001 932 quae
1020 841 1059 907 ad
1080 842 1251 931 genuinam
1271 865 1348 910 auc-

160 961 236 1025 toris
259 983 390 1026 manum
411 961 533 1051 saepius
552 962 768 1052 perduxerint.
816 963 886 1030 Neo
905 961 1080 1052 obloquor,
1105 974 1137 1028 at
1156 984 1230 1028 cum
1249 985 1347 1051 grano

160 1080 231 1146 salis
255 1102 355 1169 quum
378 1082 479 1146 omnis
500 1081 626 1148 collatio
649 1083 842 1150 instituenda
865 1094 931 1162 est,
956 1095 1026 1149 tum
1048 1085 1233 1171 praesertim
1252 1082 1347 1150 huius

159 1199 199 1266 de
222 1222 286 1290 quo
310 1200 431 1290 agimus
456 1202 543 1267 unici
566 1202 750 1293 depositoris
773 1203 927 1270 librorum
946 1202 986 1269 de
1006 1203 1053 1270 lle
1073 1202 1216 1270 Publica.
1255 1203 1346 1270 Atta·

157 1344 232 1387 men
264 1333 336 1386 sunt
366 1321 485 1402 multa,
515 1323 630 1412 quibus
654 1335 822 1414 apparatus
845 1325 973 1390 criticus
996 1346 1103 1390 carere
1125 1336 1228 1413 potest
1250 1337 1346 1413 atque

157 1442 271 1521 debet,
296 1443 379 1508 inter
401 1454 572 1531 quactum
591 1457 731 1533 puncta,
751 1443 792 1510 de
812 1443 927 1533 quibus
946 1443 1111 1524 dicebam,
1133 1445 1255 1524 refero,
1277 1457 1347 1510 turn

156 1565 318 1654 ingentem
351 1563 541 1629 lineolarum
576 1565 766 1655 apicumque
797 1587 966 1631 numerum
978 1615 987 1646 ,
1023 1588 1158 1655 quarum
1191 1567 1346 1635 rationem

156 1684 265 1752 sedulo
288 1684 333 1749 sio
355 1683 473 1763 habui,
498 1697 534 1751 ut
558 1708 610 1750 eas
633 1685 672 1752 de
694 1686 854 1775 proposito
873 1686 989 1753 nullibi
1006 1685 1236 1776 adscripserim.
1262 1686 1345 1755 Sunt

156 1829 271 1895 nempe
293 1804 438 1871 maculae
460 1806 507 1870 nil
531 1805 637 1886 aliud,
662 1808 721 1873 ista
744 1808 851 1873 omnin
874 1819 994 1897 puncta
1005 1809 1070 1875 sire
1081 1806 1213 1874 lineolas
1224 1809 1341 1888 maris,
1421 1813 1423 1818 ’

155 1928 271 2018 passim
305 1925 482 1992 litterarum
517 1928 657 2016 speciem
690 1951 766 2018 prae
800 1951 832 1994 se
861 1928 998 1994 ferentes
1029 1940 1085 1995 aut
1114 1926 1344 1996 emendationis

154 2048 321 2138 vestigium
344 2047 584 2137 redarguentes,
608 2048 664 2114 sed
684 2049 731 2115 nil
749 2047 924 2138 quidquam
942 2070 1111 2115 commune
1129 2046 1250 2116 habeut
1269 2071 1344 2117 cum

154 2181 239 2236 terto
263 2167 533 2259 Tullianoncque
551 2191 627 2235 curn
641 2168 832 2260 Augustin03
852 2191 1054 2236 communem
1074 2168 1229 2258 originem
1248 2192 1285 2235 cx
1304 2193 1342 2238 eo

153 2301 333 2369 traxerunt,
371 2289 455 2379 quod
490 2289 636 2356 librarius
671 2290 728 2379 qui
759 2287 1049 2357 commentationes
1077 2311 1172 2379 super
1202 2288 1342 2357 Psalmos

153 2409 364 2490 describerat,
389 2412 471 2476 iusto
494 2411 586 2477 citius
609 2410 685 2477 folia
704 2422 840 2478 verteret
860 2420 1036 2476 atramento
1056 2409 1188 2476 ultimae
1206 2412 1342 2500 paginae
1413 2418 1415 2420 ’

153 2531 217 2597 imo
241 2530 290 2597 rel
312 2531 530 2620 praecedentis
553 2530 695 2597 nondum
720 2531 779 2598 rite
803 2531 933 2613 siccato;
960 2531 1048 2620 atqui
1072 2529 1248 2598 carendum
1272 2545 1339 2613 est,

152 2675 193 2718 ne
216 2652 272 2717 ubi
294 2653 371 2719 istae
394 2650 539 2718 maculae
561 2664 733 2721 occurrunt
756 2652 839 2718 inter
861 2652 961 2719 lineas
985 2652 1169 2731 Tullianae,
1194 2676 1252 2742 pro
1275 2676 1339 2719 una

152 2773 288 2840 alterare
317 2772 474 2840 secundae
504 2796 616 2838 manus
646 2774 752 2840 littera
778 2785 919 2839 correcta
942 2771 1117 2851 habeatur,
1141 2796 1217 2841 narn
1242 2772 1339 2842 Com·

151 2895 383 2960 mentationuru
405 2917 553 2960 mensura
577 2895 735 2982 conspirat
754 2915 829 2959 cum
848 2893 1031 2962 correctoris
1050 2893 1217 2983 scriptura.
1256 2895 1338 2963 Turn

150 3038 188 3081 er
218 3014 329 3081 eadem
360 3037 455 3081 causa
484 3038 618 3104 magnus
648 3015 780 3080 istarum
807 3015 936 3081 accessit
959 3036 1129 3093 numerus,
1151 3037 1229 3103 quas
1252 3038 1337 3082 cras·

149 3136 245 3202 siores
267 3149 300 3202 et
323 3137 478 3226 longiores
500 3137 602 3226 prima
625 3158 738 3201 manus
761 3134 821 3202 sibi
839 3134 1027 3215 vindicaret3
1048 3133 1102 3201 sed
1121 3135 1220 3202 nolite
1238 3136 1337 3203 libra·

150 3258 197 3324 rio
226 3259 330 3324 aliena
361 3257 547 3337 obtrudere,
580 3280 655 3323 narn
686 3257 832 3345 chyrnica
849 3257 884 3323 in
908 3255 1039 3347 quodvis
1062 3255 1139 3323 olim
1160 3268 1336 3325 atramento

150 3391 335 3469 coopertum
368 3379 484 3458 fuerit,
517 3378 678 3469 reagentia
708 3379 742 3444 in
773 3377 880 3445 lucem
903 3388 1091 3446 revocarunt
1115 3376 1196 3444 bene
1218 3379 1336 3445 multas

148 3500 307 3580 maculas,
343 3524 421 3590 quas
455 3500 530 3566 lolia
567 3500 712 3566 Tulliana
746 3500 806 3566 sibi
838 3500 974 3567 invicem
1006 3499 1334 3580 communicaverant,

146 3644 247 3710 quum
268 3621 307 3686 ad
327 3621 497 3711 Augustini
518 3620 789 3688 commentarium
807 3619 1072 3687 conscribendum
1086 3618 1222 3710 deligata
1239 3631 1335 3710 atque

146 3766 228 3832 aqua
252 3765 354 3807 mersa
377 3741 515 3810 necdum
539 3742 647 3808 abluta
670 3742 852 3808 humectato
874 3753 1050 3807 atramento
1074 3740 1221 3807 Tulliano
1245 3764 1333 3808 com·

144 3875 339 3952 ponerentur
392 3865 513 3930 incerto
564 3863 702 3954 quodam
745 3862 878 3942 ordine,
924 3885 1000 3928 narn
1038 3883 1103 3926 non
1142 3860 1333 3951 respondent

144 3984 310 4064 maculae,
343 4006 422 4073 quas
452 4007 538 4050 nunc
570 3985 658 4064 volo,
691 3995 812 4051 retusto
843 3983 947 4049 ordini
973 4004 1034 4050 nec
1063 4004 1136 4048 vero
1159 3983 1330 4072 praesenti.

144 4101 241 4169 Cuius
265 4106 310 4170 rei
333 4128 460 4171 oausam
481 4129 581 4196 quum
600 4104 743 4171 noudum
762 4118 959 4196 perspectam
978 4102 1149 4182 haberem,
1169 4127 1250 4169 rana
1263 4127 1332 4194 spes

143 4223 254 4289 tertiae
279 4223 442 4291 cuiusdam
466 4227 639 4316 scripturae
662 4250 714 4292 me
737 4228 859 4307 tenuit,
885 4225 938 4293 sed
957 4248 1030 4292 mox
1048 4224 1180 4290 meliora
1201 4224 1331 4292 edoctus

144 4346 250 4411 omnia
282 4346 359 4425 ista,
393 4369 474 4435 quae
514 4359 599 4414 certo
640 4347 777 4437 quodam
806 4348 989 4416 discrimine
1010 4345 1252 4435 dignoscantur,
1280 4369 1329 4412 se-

142 4464 300 4532 cernenda
331 4491 396 4534 esse
420 4467 495 4533 duri
518 4492 536 4532 a
560 4469 725 4537 Tullianae
744 4471 887 4538 lectionis
912 4468 1082 4534 Varietate.
1132 4465 1233 4533 Maius
1256 4468 1329 4557 qui-

141 4587 274 4654 busdam
292 4588 368 4653 locis
382 4587 440 4653 sibi
452 4589 571 4679 imponi
584 4614 692 4679 passus
705 4604 750 4659 est
762 4593 827 4659 istis
839 4589 990 4668 maculis,
1010 4600 1046 4653 ut
1057 4587 1138 4654 inira
1152 4587 1326 4656 ostendam.
