2888 5144
592 334 853 383 rurunsrrouas.
1237 321 1307 384 ’207

1124 419 1132 448 Ι

174 504 343 571 Versamur
374 506 407 570 in
439 502 541 594 capite
570 502 608 570 de
640 502 795 583 somniis,
821 505 907 593 atqui
933 501 957 593 3
983 511 1003 569 5
1027 517 1058 569 et
1081 503 1105 592 3
1133 507 1174 570 10
1197 509 1308 572 reson-

127 619 266 690 beudum
295 626 353 692 erit
384 648 457 692 cum
481 624 612 702 codice,
637 623 721 714 quod
744 624 806 689 loci
829 623 1011 718 postulant3
1053 623 1208 691 «Cassius
1231 627 1309 694 vidit

127 746 160 810 in
192 751 321 811 somnio
353 746 514 812 bominem
544 743 791 834 peraegrandem
825 744 924 835 (legm
948 745 1198 836 pergrandem)
1231 768 1308 812 con·

127 877 250 932 cretum
281 889 372 933 coma
404 878 436 932 et
459 866 601 945 barba‚»
624 878 656 932 et
680 865 873 931 «Hamilcar
896 865 1017 931 audisse
1041 866 1100 931 sibi
1122 867 1154 933 in
1181 873 1310 932 somnio

127 987 208 1052 risus
229 999 312 1053 est.»
345 985 386 1053 lt
406 988 440 1052 in
462 973 573 1053 Paride
587 1008 688 1075 quum
700 985 845 1053 versabar
855 985 1075 1065 emendando,
1098 987 1311 1054 demonstrare

128 1120 258 1173 conatus
281 1131 351 1173 sum
373 1109 409 1172 in
431 1108 530 1174 altero
553 1107 695 1197 exemplo
719 1129 835 1172 somno
856 1130 924 1173 esse
942 1107 1180 1174 rescribendum
1200 1121 1310 1174 contra

127 1227 202 1294 Maii
236 1227 428 1307 lectionem,
465 1229 555 1294 cuius
588 1226 801 1294 inconstantia
834 1250 874 1293 ne
910 1227 988 1292 mihi
1012 1249 1099 1293 nunc
1121 1227 1308 1306 obiiciatur,

127 1348 255 1413 observo
291 1348 376 1413 aliud
411 1372 476 1416 esse
502 1371 573 1439 per
602 1370 752 1413 somnum
785 1346 975 1426 exaudire,
1010 1346 1095 1412 aliud
1119 1351 1157 1412 in
1181 1352 1311 1414 somnio

128 1468 196 1532 ribi
218 1468 350 1547 videri,
376 1468 460 1558 quod
484 1481 618 1557 utroque
641 1467 711 1533 loco
735 1465 953 1558 reponendum
976 1479 1036 1534 est.

172 1588 276 1653 Minus
311 1601 396 1654 recte
431 1589 576 1655 Ianuario
610 1589 741 1654 retinuit
777 1584 857 1678 (lap,
892 1591 911 1652 9
947 1585 971 1676 3
1002 1592 1021 1652 7
1055 1588 1311 1656 coniunctionem

127 1707 212 1773 haud
236 1708 405 1774 absonam:
456 1709 583 1775 «Gaius
611 1708 775 1774 Fabricius
795 1708 960 1774 Lusciuius
986 1708 1087 1798 (lege:
1117 1709 1289 1774 Luscinus
1301 1759 1311 1789 ‚

128 1841 162 1894 ut
185 1829 271 1894 Paris
294 1828 402 1917 habet)
429 1830 539 1896 consul
562 1838 596 1893 et
618 1829 806 1918 praecipuus
829 1830 1000 1918 imperator
1022 1828 1168 1895 Thurinis
1196 1831 1310 1897 auxilio

129 1963 235 2016 crat.»

171 2071 262 2137 Peius
292 2084 398 2136 tamen
429 2070 561 2159 impegit
592 2068 615 2158 3
647 2072 689 2148 8,
721 2068 777 2134 ubi
807 2069 984 2159 Nepotiane
1016 2070 1212 2137 reddendum
1235 2093 1312 2137 con·

128 2189 241 2256 tendo:
269 2191 381 2257 «Deos
403 2203 532 2280 penates
556 2189 680 2256 Aeneae
705 2189 857 2255 Ascanius
880 2189 1010 2254 Lavinio
1029 2190 1153 2256 Addam
1173 2203 1313 2256 transtu·

128 2312 244 2378 leret.»

173 2430 259 2522 Opus
287 2454 350 2496 non
382 2444 448 2510 est,
473 2443 509 2496 ut
532 2441 643 2496 contra
666 2428 811 2495 codicem
832 2427 973 2517 legamus
998 2426 1023 2516 3
1049 2433 1109 2494 13:
1161 2429 1312 2514 Quintam

128 2551 292 2619 Claudiam
316 2575 337 2616 ‹<
348 2575 429 2641 quae
450 2551 669 2617 inhaerentem
691 2549 780 2613 vado
804 2547 923 2614 'liberis
946 2548 1147 2614 naremviua
1167 2551 1312 2630 morito>

126 2697 181 2763 pro
205 2677 243 2738 in
266 2653 367 2737 bado.

170 2794 256 2859 Duos
279 2793 399 2858 librarii
422 2791 569 2857 ridiculos
593 2813 712 2856 errores
735 2789 913 2855 emendarit
925 2789 1026 2855 Maius
1039 2787 1063 2878 3
1077 2793 1145 2855 25:
1168 2790 1312 2878 «Pyrrhi

126 2915 227 3005 pollex
258 2913 395 2980 remedio
429 2926 494 2980 erat
527 2914 552 2979 si
576 2913 628 2978 cui
652 2911 721 3001 (pro
744 2911 857 2997 cuiue)
883 2932 972 2975 renes
996 2922 1153 2976 tumentes
1176 2934 1213 2976 co
1237 2913 1331 2977 teti--

125 3036 226 3123 gisset.
274 3034 363 3100 Idem
390 3035 436 3101 sic
459 3035 552 3113 arsit,
576 3045 614 3114 ut
634 3032 737 3123 pollex
760 3032 827 3122 igni
850 3031 1043 3097 inveniretur
1065 3032 1213 3121 intactus.
1248 3033 1312 3118 Qui

126 3154 239 3245 digitus
268 3177 364 3220 aureo
394 3157 470 3220 culo
493 3154 634 3219 inclusus
655 3166 688 3218 et
710 3154 743 3218 in
767 3152 984 3242 antiquissimo
1007 3153 1126 3243 templo
1150 3136 1341 3219 Dodonaei

125 3276 204 3342 Iovis
228 3274 410 3342 conditus.»
446 3274 536 3364 Legit
555 3273 640 3339 enim
660 3294 733 3337 eum
757 3272 860 3337 Plinio
884 3272 925 3336 Η.
952 3271 992 3339 N.
1020 3272 1072 3350 ΙΙ,
1094 3274 1257 3352 licendo,
1280 3285 1311 3338 at

124 3396 326 3462 inserendum
361 3409 407 3462 est
441 3419 477 3461 ex
509 3395 617 3460 codice
647 3392 778 3459 terbum
808 3392 980 3456 «inclusus
1013 3380 1067 3456 est
1098 3405 1129 3458 et
1159 3393 1193 3457 in
1224 3416 1253 3458 a.
1287 3406 1313 3459 t.

127 3516 308 3582 conditus.»
354 3516 498 3604 Denique
527 3514 735 3605 «praedictus
768 3513 905 3600 Pyrrhus
940 3525 972 3578 et
1004 3513 1128 3578 Prusias
1155 3535 1255 3578 unum
1279 3535 1313 3578 os

125 3634 305 3702 habuerunt
338 3660 395 3726 pro
427 3635 574 3702 dentibus
588 3659 609 3699 »
634 3634 709 3700 ordo
733 3633 935 3699 intentandae
959 3644 1024 3699 est:
1053 3656 1138 3723 «pro
1166 3633 1312 3699 dentibus

126 3754 345 3822 babuerunt.»

169 3876 216 3941 Ex
246 3875 357 3942 codem
387 3877 473 3942 fonte
497 3875 601 3941 bausit
624 3874 819 3965 Nepotianus
845 3872 868 3962 3
892 3879 955 3940 35:
1006 3872 1122 3938 «Bura
1146 3887 1177 3941 et
1201 3873 1312 3941 Helice

127 3996 219 4062 urbes
251 3998 284 4062 in
313 3996 451 4063 Achaico
474 3996 566 4063 litore
588 3995 738 4062 fluctibus
761 3995 892 4060 obrutae
915 4007 1008 4072 sunt,
1033 4007 1199 4084 terraeque
1222 4009 1311 4062 motu

125 4139 189 4184 esse
212 4117 446 4199 destiterunt‚»
470 4116 741 4208 eui'paragrapho
763 4115 963 4204 subiungitur
980 4116 1014 4179 in
1034 4114 1161 4181 codice:
1181 4080 1313 4182 ‘altem

127 4247 160 4302 et
195 4262 320 4325 myrea
355 4261 441 4324 esye
475 4240 604 4304 civitas
632 4246 797 4327 potens.»
838 4235 984 4324 Intelligo
1016 4234 1203 4324 Smyrnam,
1229 4245 1311 4327 'quae

125 4370 266 4449 tempore
302 4359 346 4425 M.
384 4357 506 4425 Aurelii
538 4371 640 4425 terrae
669 4370 759 4423 motu
789 4369 906 4423 vastata
936 4369 1004 4437 est,
1037 4369 1132 4446 atque
1165 4359 1244 4425 haec
1268 4356 1315 4423 illi

125 4478 235 4545 reddo.

151 4599 253 4709 xMale
287 4599 417 4672 discedit
451 4599 552 4669 Maius
577 4623 594 4665 a
618 4598 725 4666 codice
750 4597 829 4687 cap.
856 4595 1037 4687 1031οι
1085 4597 1213 4666 «Senes
1237 4597 1312 4664 olim
