2888 5144
194 305 256 367 176
666 314 777 364 ruerus
801 316 906 365 rrnrs.

238 488 360 555 Ultimo
390 485 485 551 huius
513 486 603 553 Libri
634 509 704 576 cap.
739 486 960 576 §elegimus
979 487 1012 551 in
1033 486 1191 553 editione:
1241 486 1371 553 «Lectis

189 608 346 698 epistolis,
382 618 418 674 ut
453 619 576 674 careret
610 606 670 672 sibi
705 630 723 671 a
753 606 900 697 Philippo
931 619 1078 696 corrupto
1108 631 1125 672 a
1157 629 1232 696 rege
1261 606 1371 688 llario,

190 727 369 815 Alexander
397 741 433 792 ut
465 729 604 818 primum
627 729 707 817 petit
728 729 908 818 potionem,
932 727 1080 817 legendas
1103 731 1204 819 ipsas
1229 727 1372 819 Philippo

188 848 355 915 tradidit.»
396 846 438 913 At
461 849 494 912 in
514 847 638 927 codice,
664 871 723 914 nec
746 849 855 916 vitiose
880 849 992 939 opinor
1014 847 1190 938 «legendas
1213 871 1277 913 eas
1301 848 1372 914 Phi-

187 970 274 1059 lippo
299 967 465 1034 tradidit.»
489 955 492 961 ⁵

232 1089 328 1154 Libro
359 1089 405 1154 lv
433 1087 512 1179 Cap.
549 1092 563 1154 1
596 1088 718 1154 duobus
741 1088 818 1155 locis
841 1090 978 1155 occurrit
1001 1089 1158 1156 secundae
1180 1112 1295 1155 manus
1318 1113 1377 1155 ane

186 1211 305 1275 notatio
337 1211 371 1275 in
397 1210 559 1299 margine,
592 1232 689 1299 quam
719 1208 822 1276 eidem
845 1208 892 1274 illi
915 1208 1040 1287 tribuo,
1073 1210 1126 1275 cui
1150 1211 1184 1275 in
1208 1210 1307 1276 Libro
1328 1211 1373 1278 IX

184 1330 277 1421 plura
307 1332 459 1398 debemus
492 1331 713 1421 supplementa
743 1353 779 1397 er
814 1330 940 1396 Valerio
968 1353 1083 1420 nempe
1112 1332 1210 1420 petita
1234 1353 1252 1395 a
1276 1331 1372 1399 benc·

185 1452 255 1518 solo
290 1453 428 1532 lectore,
461 1453 514 1518 cui
545 1451 745 1518 abbreviator
777 1452 920 1540 parciora
961 1450 1083 1516 dedisse
1113 1451 1295 1532 ridebatur3
1328 1465 1372 1519 est

184 1574 268 1657 58,
304 1573 360 1639 ubi
390 1573 428 1638 ad
454 1573 586 1640 verbum
615 1595 783 1639 erroneum
816 1570 995 1637 «Africano
1019 1582 1052 1636 et
1076 1571 1194 1638 Gnaeo
1215 1571 1370 1662 Scipioni-

182 1692 272 1758 bus»
308 1694 460 1784 glossema
495 1705 624 1783 apparet
658 1692 841 1770 Asiatico,
874 1691 960 1780 quod
990 1690 1134 1756 Valerius
1166 1691 1231 1770 lt,
1267 1696 1283 1757 1
1311 1694 1371 1777 §8
1401 1677 1406 1690 ⁹

181 1815 279 1881 habet
290 1864 300 1894 ‚
333 1813 601 1903 quemadmodum
630 1836 667 1879 cr
699 1786 825 1878 Valerio
850 1813 961 1900 opinor
984 1811 1060 1877 ibid.
1087 1815 1105 1896 §
1133 1815 1170 1878 11
1196 1811 1303 1879 hausit
1320 1813 1369 1901 Q.

185 1958 242 2025 pro
266 1935 352 2001 «M.
379 1932 562 2001 Scaevola»
586 1937 604 2019 §
630 1935 671 1996 12
695 1931 806 1998 eodem
829 1945 936 1998 nostro
960 1932 1073 2022 capite.

231 2055 279 2120 Ad
313 2055 383 2121 Lib.
418 2055 484 2133 IV,
511 2052 589 2143 (lap.
618 2058 637 2118 4
664 2056 681 2137 §
710 2056 768 2117 11:
819 2053 893 2118 «Μ.
918 2052 1038 2119 Scauro
1062 2075 1080 2117 a
1103 2065 1193 2144 patre
1216 2053 1371 2120 hereditas

60 2176 65 2181 ’
182 2199 234 2242 sex
265 2198 425 2242 serrorum
457 2196 580 2240 reversa
602 2185 648 2239 est
672 2184 704 2238 et
728 2172 818 2238 XXX
842 2196 1091 2253 nummorum,>›
1115 2173 1245 2240 adnotat
1272 2175 1369 2241 Maius

77 2377 79 2381 ι
183 2298 216 2362 in
245 2295 353 2363 codice
383 2296 502 2361 lincam
532 2293 773 2384 superductam,
807 2306 842 2359 ut
864 2295 1061 2384 intelligatur
1084 2297 1241 2373 milium·
1267 2308 1371 2373 recte,

182 2441 242 2485 ncc
262 2418 353 2485 aliter
375 2416 471 2482 habet
496 2415 600 2481 Valer.
625 2416 683 2494 lv,
710 2419 729 2479 4
755 2416 772 2500 §
800 2420 849 2481 11.
896 2414 1014 2481 Verum
1037 2416 1152 2505 passim
1175 2416 1239 2481 iam
1263 2417 1297 2482 in
1320 2439 1370 2482 su·

182 2539 357 2629 perioribus
388 2537 496 2603 similis
528 2534 644 2602 lineola
676 2558 808 2624 numero
840 2536 1039 2625 superaddita
1071 2560 1088 2601 a
1113 2537 1251 2604 secunda
1275 2559 1369 2603 manu

182 2682 269 2726 erasa
297 2671 356 2738 est3
388 2658 472 2724 ralct
495 2658 580 2724 enim
603 2658 637 2722 in
660 2657 721 2723 hcc
745 2656 874 2736 codice,
899 2656 985 2746 quod
1008 2657 1083 2722 alibi
1108 2681 1235 2747 quoque
1258 2681 1368 2725 occur·

182 2782 239 2860 rit,
271 2779 388 2845 lineola
419 2802 483 2844 non
507 2800 630 2869 semper
653 2779 807 2856 milium,
833 2778 955 2866 saepius
977 2781 1147 2845 numerum
1170 2793 1297 2846 tantum
1319 2782 1367 2845 in-

182 2901 294 2981 dicari3
326 2900 370 2966 sic
396 2899 466 2965 Lib.
490 2899 556 2978 lv,
583 2896 659 2987 Gap.
685 2901 705 2963 8
731 2899 748 2981 §
774 2902 812 2976 5,
837 2898 907 2963 Lib.
934 2899 982 2977 V,
1009 2897 1086 2988 Cap.
1114 2906 1134 2966 3
1160 2904 1178 2986 §
1206 2908 1268 2981 14,
1294 2902 1364 2968 Lib.

183 3020 284 3098 VIII,
310 3017 387 3108 Gap.
414 3022 433 3082 2
458 3021 476 3102 §
502 3022 522 3081 2
546 3030 578 3082 et
590 3017 656 3097 IX,
682 3014 833 3106 Gap.6§
859 3025 873 3083 1
897 3018 1026 3084 verbum
1046 3022 1148 3085 osilia
1168 3034 1253 3088 recte
1271 3024 1367 3113 scrip-

183 3142 222 3206 sit
244 3139 345 3206 editor
368 3161 425 3228 pro
448 3137 564 3203 lineola
588 3160 720 3203 numero
744 3138 953 3228 supraducta,
979 3141 1102 3206 etiamsi
1125 3142 1158 3206 in
1183 3143 1297 3208 ultimo
1314 3144 1368 3208 illo

183 3261 305 3327 variant
329 3271 483 3325 auctores.
515 3258 634 3324 Verum
662 3259 732 3325 Iib.
759 3258 835 3338 VII,
862 3257 975 3349 caps
1001 3263 1018 3345 ὃ
1049 3263 1065 3324 1
1090 3284 1223 3329 numero
1244 3263 1369 3330 XXIIII

183 3382 268 3447 linea
292 3379 491 3472 superaddita
503 3391 569 3459 cst,
590 3380 713 3445 etiamsi
725 3379 856 3445 verbum
870 3383 970 3445 milia
987 3381 1179 3471 adscriptum
1191 3384 1268 3462 fuit,
1290 3407 1369 3475 qnae

187 3516 273 3569 recte
304 3505 402 3593 igitur
432 3501 539 3592 sperni
569 3513 692 3590 potest,
726 3500 993 3589 quemadmodum
1016 3501 1091 3593 Gap.
1118 3507 1181 3589 7'5
1209 3510 1229 3569 2
1254 3505 1369 3572 lineola

186 3648 279 3715 supra
305 3622 403 3702 000,
429 3646 511 3713 quae
535 3634 692 3688 trecentos
714 3622 784 3687 illos
797 3623 1014 3688 Praenestinos
1028 3624 1066 3688 ad
1078 3625 1244 3690 millenum
1258 3649 1382 3693 numer

184 3770 256 3811 rum
276 3768 341 3810 non
357 3744 452 3810 debet
471 3743 623 3821 evehere,
642 3743 684 3810 cl.
708 3742 779 3809 Val.
794 3742 875 3821 vll,
902 3747 922 3808 6
945 3746 962 3828 §
978 3750 1010 3810 3.
1045 3744 1164 3811 Eadem
1176 3769 1224 3810 res
1238 3759 1285 3812 est
1297 3747 1375 3813 Lib..

184 3865 247 3944 IX,
272 3863 348 3954 (lap.
375 3867 474 3948 2§1,
498 3862 552 3927 ubi
564 3862 661 3928 codex
673 3861 788 3928 babet:
811 3839 865 3929 Iul
882 3840 960 3943 dcc,
981 3887 1116 3953 quarum
1137 3865 1234 3930 altera
1254 3866 1368 3932 lineola

185 3985 345 4063 abundat,
378 3982 448 4050 ride
482 3982 552 4047 Val.
591 3982 655 4061 IX,
693 3986 712 4046 2
750 3985 767 4068 §
799 3985 829 4047 1.
879 3984 997 4051 Contra
1020 4009 1185 4075 perperam
1213 3999 1374 4053 corrector

184 4117 375 4196 erpuurcrat
394 4101 543 4169 lineolam
561 4102 637 4168 ibid.
666 4105 683 4186 §
713 4107 774 4182 13,
799 4127 873 4169 nam
901 4106 1019 4172 LXXX
1036 4109 1136 4171 milia
1153 4107 1368 4174 Romanorum

184 4224 375 4293 Mithridatis
397 4225 484 4290 iussu
506 4223 608 4289 occisa
632 4246 698 4289 esse
719 4237 861 4304 constat,
894 4227 935 4292 cl.
963 4227 1033 4293 Val.
1059 4227 1122 4306 IX,
1148 4232 1167 4292 2
1194 4227 1265 4294 Est.
1292 4231 1309 4313 ς
1335 4235 1366 4295 3.

232 4345 409 4412 Redeamus
440 4344 479 4409 ad
504 4344 652 4423 Librum,
674 4343 759 4410 unde
783 4345 912 4434 digressi
934 4370 1041 4413 sumus
1065 4348 1129 4425 IV,
1156 4346 1233 4438 Gap.
1259 4355 1278 4415 5
1305 4353 1323 4435 §
1351 4355 1364 4413 1

184 4467 422 4559 typothetarum
452 4489 556 4531 errore
586 4464 756 4532 liberantes
787 4468 995 4558 expungendo
1023 4470 1153 4535 otiosam
1177 4471 1195 4533 b
1218 4470 1252 4535 in
1275 4469 1369 4536 verbo

186 4589 388 4655 substinuit.
423 4585 621 4675 Paragrapho
645 4589 789 4676 sequenti
812 4588 934 4655 sublata
954 4590 1057 4656 littera
1082 4590 1242 4658 edatirus
1260 4590 1372 4658 rescri*
