2888 5144
589 328 851 376 nurnorrrorus.
1252 316 1316 378 173

126 499 253 566 lestium
287 472 539 565 observationum
567 500 722 565 rationem
752 500 932 590 percepit.»
978 499 1045 566 Nec
1073 499 1168 564 facile
1198 499 1319 565 absolvi

127 631 230 711 potest
259 617 362 685 editor
390 632 526 708 quatuor
557 620 711 686 uocabula
742 619 848 685 Paridi
871 619 1051 684 subfuratus
1076 618 1156 708 Gap.
1185 622 1223 683 11
1253 623 1270 705 §
1296 626 1318 686 3

126 742 160 806 in
183 741 253 806 loco
277 739 478 829 depictum,
504 741 560 829 qui
582 742 658 830 equi
680 740 809 806 naribus
832 763 958 830 spumas
981 752 1017 805 ut
1042 739 1190 806 adiiceret
1202 741 1319 807 frustra

127 873 324 939 moraretur,
349 872 419 926 tum
444 861 520 926 «111
544 885 694 928 aecensus
714 863 878 953 spongiam
897 860 1045 927 omnibus
1064 860 1210 926 inbutam
1231 861 1319 927 colo-

127 983 214 1047 ribus
233 982 335 1069 forte
358 985 462 1046 iuxta
486 1003 523 1045 se
539 986 697 1072 positam
723 982 907 1072 adprendit,
933 994 965 1047 et
987 981 1087 1047 reluti
1111 995 1318 1072 corrupturus

128 1126 206 1194 opus
235 1125 346 1181 suum,
378 1102 506 1168 tabulae
534 1102 664 1169 inmisit.
717 1104 855 1168 Fortuna
886 1102 926 1166 ad
953 1103 1033 1192 ipsas
1056 1104 1132 1191 equi
1155 1102 1319 1168 111111111-

127 1236 267 1302 rectam,
291 1222 482 1288 desiderium
494 1223 622 1312 pictoris
643 1224 745 1312 coegit
757 1223 920 1313 explere.»
945 1224 1032 1289 Haec
1045 1223 1155 1289 eadem
1168 1223 1320 1312 leguntur

129 1344 212 1434 apud
248 1342 354 1408 Valer.
392 1343 491 1421 VIII,
530 1345 567 1407 ll
607 1330 680 1408 bn.
714 1347 732 1429 §
767 1347 798 1409 7.
848 1342 953 1410 Simili
976 1344 1098 1410 ratione
1122 1342 1320 1410 reddendum

128 1478 175 1531 est
204 1462 396 1529 vocabulum
428 1462 637 1529 abbreviatori
669 1463 740 1530 Lib.
766 1463 833 1542 IX,
859 1461 938 1553 Gap.
968 1466 983 1527 l
1010 1467 1028 1550 §
1053 1469 1094 1543 9,
1120 1465 1238 1553 quippe
1263 1466 1319 1553 qui

129 1608 166 1652 ex
195 1584 323 1650 Valerio
355 1584 418 1662 IX,
451 1586 466 1647 1
502 1584 573 1649 1111.
606 1588 623 1671 §
650 1586 665 1647 1
693 1582 827 1649 dedisset
851 1585 1036 1650 «invictum
1060 1589 1172 1649 ortuis
1196 1585 1321 1650 Hanni·

131 1705 235 1771 belem
271 1704 310 1770 ad
345 1727 492 1769 somnum
526 1703 712 1769 deliciarum
747 1703 919 1771 resolutum
955 1728 1058 1770 esse.»
1105 1706 1175 1784 Hoc
1210 1704 1322 1770 eodem

133 1826 235 1914 capite
263 1829 280 1912 §
308 1826 345 1888 11
362 1796 547 1889 ‘ridiculum
570 1823 647 1913 quid
665 1823 807 1890 exhibuit
825 1824 947 1904 Maius,
968 1837 1004 1890 ut
1022 1825 1115 1891 facile
1136 1825 1320 1916 apparebit,

133 1968 233 2035 quum
257 1945 371 2009 omissa
394 1944 605 2033 supplererim
628 1967 665 2009 er
689 1944 817 2023 codice,
844 1967 925 2034 qnae
948 1945 1025 2010 item
1049 1945 1133 2035 apud
1159 1946 1323 2012 Valerium

133 2067 198 2145 III,
233 2069 248 2130 1
286 2065 357 2130 Est.
391 2069 410 2130 4
439 2065 607 2154 leguntur:
658 2089 678 2128 «
690 2063 884 2130 Antiochum
915 2064 1025 2153 Syriae
1049 2088 1156 2155 regem
1182 2067 1323 2132 imitatus

132 2189 165 2252 in
188 2187 312 2251 luxuria
340 2178 494 2251 exereitus
519 2198 667 2274 argentee
691 2208 762 2251 vasa
784 2184 834 2249 od
854 2208 953 2249 usum
977 2187 1116 2250 culinae
1140 2209 1322 2276 compara-

132 2311 184 2372 vit
219 2316 254 2371 et
286 2307 514 2371 tabernacula
547 2305 707 2371 textilibus
742 2304 850 2394 sigillis
886 2303 1088 2371 edomavit.»
1143 2305 1210 2372 Nec
1246 2330 1324 2396 opus

133 2441 197 2507 est,
237 2439 272 2493 ut
310 2450 383 2492 oum
424 2426 509 2492 Maio
551 2425 752 2491 detrahamus
794 2425 994 2515 epitomatori
1027 2425 1147 2490 dictum
1181 2427 1324 2514 Tomyris

133 2549 255 2615 etiamsi
289 2546 447 2612 crudelius
480 2543 558 2635 Gap.
597 2548 639 2610 10
668 2547 686 2630 §
718 2550 759 2624 3,
789 2568 871 2634 quae
905 2557 1033 2635 «caput
1063 2543 1138 2634 Cyri
1164 2547 1197 2611 in
1219 2559 1324 2612 utrem

133 2670 273 2736 humano
302 2668 453 2756 sanguine
476 2665 634 2756 repletum
655 2664 773 2731 dimitti
794 2666 900 2744 iussit,
927 2666 1143 2756 exprobrans
1167 2671 1201 2732 ei
1224 2671 1324 2731 inso-

135 2792 289 2856 tiabr'lem
325 2809 525 2864 eruorem‚·»
560 2786 630 2852 ride
667 2784 771 2851 Veler.
810 2785 875 2865 III,
916 2789 956 2851 10
991 2786 1060 2850 1111.
1087 2790 1104 2871 §
1132 2790 1162 2850 1.
1212 2784 1323 2877 Capite

137 2915 197 2990 12,
222 2909 308 3001 quod
332 2909 380 2975 De
402 2908 556 2974 mortibus
578 2930 643 2972 non
667 2907 847 2997 vulgaribus
870 2907 1074 2986 inscribitur,
1101 2910 1118 2992 §
1145 2912 1163 2972 4
1188 2908 1324 2997 gaudeat

134 3035 167 3098 in
195 3044 357 3121 posterum
387 3030 549 3095 Iuventius
573 3052 629 3095 suo
653 3031 858 3119 praenomine
883 3029 959 3107 M„
984 3028 1026 3094 cf.
1054 3028 1161 3093 Valer.
1188 3029 1254 3108 IX,
1282 3034 1322 3095 12

135 3157 152 3239 §
183 3159 218 3219 34
267 3151 411 3237 Denique
434 3148 509 3214 huic
533 3150 717 3215 omissorum
741 3151 832 3215 seriei
854 3150 926 3214 finis
950 3151 1133 3238 imponatur
1155 3149 1324 3216 inserendo

136 3273 213 3365 Gap.
248 3277 287 3338 14
320 3274 338 3356 §
374 3274 393 3334 1
424 3271 457 3335 in
481 3270 551 3335 loco
576 3271 717 3359 Dionysii
741 3283 867 3358 «atque
891 3274 997 3334 etiam
1021 3270 1237 3337 cubicularem
1261 3272 1326 3338 leo·

134 3410 203 3462 tum
234 3394 298 3459 lata
325 3394 406 3457 fossa
438 3391 580 3471 cinxit,»
611 3403 647 3456 ut
670 3392 787 3481 legitur
816 3392 850 3456 in
882 3391 990 3457 codice
1022 3404 1054 3456 et
1086 3391 1157 3457 val.
1190 3392 1255 3471 IX,
1283 3396 1325 3458 13

136 3518 207 3583 1111.
236 3519 253 3600 §
280 3519 311 3579 4.

179 3635 358 3702 Redeamus
377 3634 416 3699 ad
439 3634 656 3711 collationem,
682 3634 771 3699 cuius
794 3657 855 3724 ope
878 3656 914 3698 er
939 3632 1050 3698 ordine
1073 3632 1235 3699 emendari
1247 3644 1322 3721 pot·

134 3771 180 3825 est
213 3757 300 3823 Paris
323 3768 429 3820 noster
453 3755 524 3820 Lib.
550 3755 600 3833 II,
627 3752 706 3843 Cap.
735 3757 749 3819 1
778 3758 795 3839 §
821 3757 882 3832 30,
907 3753 963 3819 ubi
986 3752 1144 3818 notandus
1171 3774 1324 3818 numerus

134 3901 290 3944 annorum
314 3900 335 3939 «
348 3876 522 3956 DLVIIII,
544 3900 601 3966 per
624 3899 702 3964 quos
725 3888 851 3941 senatus
870 3875 988 3964 populo
1005 3875 1120 3940 mixtus
1133 3876 1325 3964 spectarit.»

134 3998 279 4064 Valerius
310 3997 396 4062 enim
426 3996 523 4062 habet
547 3997 767 4085 «quingentos
791 4007 822 4060 et
846 3996 1077 4085 quinquaginta
1101 4007 1218 4073 octo,>›
1244 4019 1326 4083 quo-

134 4143 207 4185 cum
239 4116 406 4206 respondet
428 4118 549 4206 primae
572 4140 684 4182 manus
708 4115 881 4205 scriptura:
909 4115 1025 4187 buvnr.
1073 4112 1226 4180 Similiter
1251 4137 1326 4181 cum

135 4240 262 4306 Valerio
298 4238 397 4316 VIII,
437 4244 476 4304 13
514 4239 585 4304 Est.
624 4245 641 4326 §
678 4244 696 4304 5
733 4238 892 4328 conspirat
917 4236 1002 4301 Paris
1028 4233 1123 4315 1111,
1151 4238 1236 4322 135
1264 4241 1325 4315 13,

134 4359 307 4426 dummodo
342 4383 399 4449 per
421 4358 574 4424 editorem
597 4359 736 4425 licuisset
758 4382 816 4449 pro
843 4375 996 4423 cmm
1016 4356 1187 4446 genuinam
1208 4355 1326 4422 codicis

135 4482 324 4572 scripturam
358 4480 462 4570 legere
502 4499 626 4559 CLVII,
664 4480 696 4545 id
731 4492 777 4545 est
813 4489 960 4568 «septem
985 4490 1017 4543 et
1041 4476 1272 4568 quinquaginta
1295 4487 1329 4544 et

135 4615 264 4669 centum
277 4624 375 4666 annos
389 4602 496 4667 vixisse
510 4599 731 4690 Epimenidem
746 4599 897 4666 Gnosium
909 4622 943 4679 ,n
956 4611 991 4664 ut
1003 4612 1050 4666 est
1059 4598 1143 4689 apud
1153 4597 1326 4665 Valerium.
