<?xml version="1.0" encoding="UTF-8"?>
<!DOCTYPE html PUBLIC "-//W3C//DTD XHTML 1.0 Transitional//EN"
    "http://www.w3.org/TR/xhtml1/DTD/xhtml1-transitional.dtd">
<html xmlns="http://www.w3.org/1999/xhtml" xml:lang="en" lang="en">
 <head>
  <title>
</title>
<meta http-equiv="Content-Type" content="text/html;charset=utf-8" />
  <meta name='ocr-system' content='tesseract 3.04.00' />
  <meta name='ocr-capabilities' content='ocr_page ocr_carea ocr_par ocr_line ocrx_word'/>
</head>
<body>
  <div class='ocr_page' id='page_1' title='image "./schedaevaticana00rieugoog_0218.png"; bbox 0 0 2888 5144; ppageno 0'>
   <div class='ocr_carea' id='block_1_1' title="bbox 463 323 1240 388">
    <p class='ocr_par' dir='ltr' id='par_1_1' title="bbox 463 323 1240 388">
     <span class='ocr_line' id='line_1_1' title="bbox 463 323 1240 388; baseline -0.004 -2"><span class='ocrx_word' id='word_1_1' title='bbox 463 339 633 388; x_wconf 83' lang='lat' dir='ltr'><strong>tncrroms</strong></span> <span class='ocrx_word' id='word_1_2' title='bbox 659 340 831 387; x_wconf 78' lang='lat' dir='ltr'><strong>vrnrnras.</strong></span> <span class='ocrx_word' id='word_1_3' title='bbox 1177 323 1240 384; x_wconf 86' lang='grc'><strong>199</strong></span> 
     </span>
    </p>
   </div>
   <div class='ocr_carea' id='block_1_2' title="bbox 53 507 1244 1207">
    <p class='ocr_par' dir='ltr' id='par_1_2' title="bbox 53 507 1244 1207">
     <span class='ocr_line' id='line_1_2' title="bbox 55 507 1242 603; baseline -0.004 -26"><span class='ocrx_word' id='word_1_4' title='bbox 55 524 208 603; x_wconf 88' lang='lat' dir='ltr'><strong>quantum</strong></span> <span class='ocrx_word' id='word_1_5' title='bbox 240 511 274 576; x_wconf 90' lang='lat' dir='ltr'><strong>in</strong></span> <span class='ocrx_word' id='word_1_6' title='bbox 298 511 364 600; x_wconf 92' lang='lat' dir='ltr'><strong>ipsa</strong></span> <span class='ocrx_word' id='word_1_7' title='bbox 387 511 447 576; x_wconf 83' lang='lat' dir='ltr'><strong>fuit</strong></span> <span class='ocrx_word' id='word_1_8' title='bbox 472 509 642 576; x_wconf 77' lang='lat' dir='ltr'><strong>ademerat.</strong></span> <span class='ocrx_word' id='word_1_9' title='bbox 713 514 774 597; x_wconf 87' lang='lat'><strong>§3</strong></span> <span class='ocrx_word' id='word_1_10' title='bbox 803 509 976 596; x_wconf 78' lang='lat' dir='ltr'><strong>‘Thamyris</strong></span> <span class='ocrx_word' id='word_1_11' title='bbox 1047 513 1077 573; x_wconf 88' lang='lat'><strong>1.</strong></span> <span class='ocrx_word' id='word_1_12' title='bbox 1105 507 1242 573; x_wconf 87' lang='lat' dir='ltr'><strong>Tharne-</strong></span> 
     </span>
     <span class='ocr_line' id='line_1_3' title="bbox 53 627 1243 722; baseline -0.006 -23"><span class='ocrx_word' id='word_1_13' title='bbox 53 634 111 713; x_wconf 92' lang='lat' dir='ltr'><strong>ris,</strong></span> <span class='ocrx_word' id='word_1_14' title='bbox 138 635 171 696; x_wconf 69' lang='lat' dir='ltr'><strong>t.</strong></span> <span class='ocrx_word' id='word_1_15' title='bbox 200 632 364 720; x_wconf 74' lang='lat' dir='ltr'>Thamyris</span> <span class='ocrx_word' id='word_1_16' title='bbox 396 630 402 722; x_wconf 99' lang='grc' dir='ltr'>Ι</span> <span class='ocrx_word' id='word_1_17' title='bbox 433 633 532 696; x_wconf 88' lang='lat' dir='ltr'><strong>iussit.</strong></span> <span class='ocrx_word' id='word_1_18' title='bbox 612 631 720 709; x_wconf 93' lang='lat' dir='ltr'><strong>iussit,</strong></span> <span class='ocrx_word' id='word_1_19' title='bbox 753 630 941 719; x_wconf 83' lang='lat' dir='ltr'><strong>exprobrans</strong></span> <span class='ocrx_word' id='word_1_20' title='bbox 972 629 1002 695; x_wconf 90' lang='lat' dir='ltr'><strong>ei</strong></span> <span class='ocrx_word' id='word_1_21' title='bbox 1031 627 1243 695; x_wconf 83' lang='lat' dir='ltr'>insatiabilem</span> 
     </span>
     <span class='ocr_line' id='line_1_4' title="bbox 54 749 1242 840; baseline -0.006 -20"><span class='ocrx_word' id='word_1_22' title='bbox 54 776 208 820; x_wconf 89' lang='lat' dir='ltr'><strong>eruorem.</strong></span> <span class='ocrx_word' id='word_1_23' title='bbox 250 755 267 836; x_wconf 88' lang='lat'><strong>§</strong></span> <span class='ocrx_word' id='word_1_24' title='bbox 293 755 312 816; x_wconf 99' lang='lat'>4</span> <span class='ocrx_word' id='word_1_25' title='bbox 338 751 407 816; x_wconf 91' lang='lat' dir='ltr'><strong>Iaso</strong></span> <span class='ocrx_word' id='word_1_26' title='bbox 428 751 581 817; x_wconf 89' lang='lat' dir='ltr'><strong>thessalus</strong></span> <span class='ocrx_word' id='word_1_27' title='bbox 640 749 708 840; x_wconf 88' lang='lat' dir='ltr'><strong>(V.)</strong></span> <span class='ocrx_word' id='word_1_28' title='bbox 727 749 870 815; x_wconf 81' lang='lat' dir='ltr'><strong>Iasonem</strong></span> <span class='ocrx_word' id='word_1_29' title='bbox 888 749 1059 816; x_wconf 89' lang='lat' dir='ltr'><strong>thessalum</strong></span> <span class='ocrx_word' id='word_1_30' title='bbox 1080 772 1242 839; x_wconf 81' lang='lat' dir='ltr'><strong>persarum</strong></span> 
     </span>
     <span class='ocr_line' id='line_1_5' title="bbox 53 870 1243 965; baseline -0.007 -24"><span class='ocrx_word' id='word_1_31' title='bbox 53 875 116 965; x_wconf 88' lang='lat' dir='ltr'><strong>regi</strong></span> <span class='ocrx_word' id='word_1_32' title='bbox 140 873 262 939; x_wconf 88' lang='lat' dir='ltr'><strong>bellurn</strong></span> <span class='ocrx_word' id='word_1_33' title='bbox 287 872 490 939; x_wconf 83' lang='lat' dir='ltr'><strong>inferrentem</strong></span> <span class='ocrx_word' id='word_1_34' title='bbox 515 884 698 962; x_wconf 90' lang='lat' dir='ltr'><strong>parantem,</strong></span> <span class='ocrx_word' id='word_1_35' title='bbox 724 894 764 936; x_wconf 92' lang='lat' dir='ltr'><strong>an</strong></span> <span class='ocrx_word' id='word_1_36' title='bbox 789 872 862 936; x_wconf 92' lang='lat' dir='ltr'><strong>satis</strong></span> <span class='ocrx_word' id='word_1_37' title='bbox 886 872 967 936; x_wconf 91' lang='lat' dir='ltr'><strong>iusta</strong></span> <span class='ocrx_word' id='word_1_38' title='bbox 991 870 1069 935; x_wconf 88' lang='lat' dir='ltr'><strong>ultio</strong></span> <span class='ocrx_word' id='word_1_39' title='bbox 1094 870 1243 960; x_wconf 88' lang='lat' dir='ltr'><strong>absump-</strong></span> 
     </span>
     <span class='ocr_line' id='line_1_6' title="bbox 54 989 1244 1082; baseline -0.004 -20"><span class='ocrx_word' id='word_1_40' title='bbox 54 997 143 1075; x_wconf 85' lang='lat' dir='ltr'><strong>serit,</strong></span> <span class='ocrx_word' id='word_1_41' title='bbox 194 993 328 1058; x_wconf 90' lang='lat' dir='ltr'><strong>dubium</strong></span> <span class='ocrx_word' id='word_1_42' title='bbox 375 1004 434 1062; x_wconf 86' lang='lat' dir='ltr'><strong>est.</strong></span> <span class='ocrx_word' id='word_1_43' title='bbox 505 993 624 1059; x_wconf 84' lang='lat' dir='ltr'><strong>Taxillo</strong></span> <span class='ocrx_word' id='word_1_44' title='bbox 662 994 747 1058; x_wconf 92' lang='lat' dir='ltr'><strong>enim</strong></span> <span class='ocrx_word' id='word_1_45' title='bbox 776 1015 884 1082; x_wconf 74' lang='lat' dir='ltr'><strong>gymn.</strong></span> <span class='ocrx_word' id='word_1_46' title='bbox 918 989 924 1081; x_wconf 89' lang='grc' dir='ltr'>Ι</span> <span class='ocrx_word' id='word_1_47' title='bbox 957 991 1095 1082; x_wconf 84' lang='lat' dir='ltr'><strong>Taxippo</strong></span> <span class='ocrx_word' id='word_1_48' title='bbox 1165 992 1244 1057; x_wconf 86' lang='lat' dir='ltr'><strong>taxi·</strong></span> 
     </span>
     <span class='ocr_line' id='line_1_7' title="bbox 55 1110 1226 1207; baseline -0.005 -26"><span class='ocrx_word' id='word_1_49' title='bbox 55 1139 136 1207; x_wconf 72' lang='lat' dir='ltr'><strong>gppo</strong></span> <span class='ocrx_word' id='word_1_50' title='bbox 157 1114 163 1204; x_wconf 95' lang='grc' dir='ltr'>Ι</span> <span class='ocrx_word' id='word_1_51' title='bbox 184 1112 424 1204; x_wconf 74' lang='lat' dir='ltr'><strong>gymnasiarcho</strong></span> <span class='ocrx_word' id='word_1_52' title='bbox 493 1119 523 1178; x_wconf 89' lang='lat'><strong>1.</strong></span> <span class='ocrx_word' id='word_1_53' title='bbox 546 1114 777 1202; x_wconf 73' lang='lat' dir='ltr'><strong>tymnasiarcho</strong></span> <span class='ocrx_word' id='word_1_54' title='bbox 799 1111 804 1202; x_wconf 96' lang='grc' dir='ltr'>Ι</span> <span class='ocrx_word' id='word_1_55' title='bbox 825 1110 929 1176; x_wconf 84' lang='lat' dir='ltr'><strong>abhis</strong></span> <span class='ocrx_word' id='word_1_56' title='bbox 976 1112 1037 1177; x_wconf 78' lang='lat' dir='ltr'><strong>Ex</strong></span> <span class='ocrx_word' id='word_1_57' title='bbox 1051 1112 1098 1178; x_wconf 85' lang='lat' dir='ltr'><strong>V.</strong></span> <span class='ocrx_word' id='word_1_58' title='bbox 1113 1110 1226 1202; x_wconf 69' lang='lat' dir='ltr'><strong>ndat</strong></span> 
     </span>
    </p>
   </div>
   <div class='ocr_carea' id='block_1_3' title="bbox 55 1231 1246 1326">
    <p class='ocr_par' dir='ltr' id='par_1_3' title="bbox 55 1231 1246 1326">
     <span class='ocr_line' id='line_1_8' title="bbox 55 1231 1246 1326; baseline -0.005 -23"><span class='ocrx_word' id='word_1_59' title='bbox 55 1235 220 1303; x_wconf 84' lang='lat' dir='ltr'><strong>drachmas</strong></span> <span class='ocrx_word' id='word_1_60' title='bbox 289 1236 434 1326; x_wconf 76' lang='lat' dir='ltr'><strong>dragmas</strong></span> <span class='ocrx_word' id='word_1_61' title='bbox 474 1232 480 1324; x_wconf 94' lang='grc' dir='ltr'>Ι</span> <span class='ocrx_word' id='word_1_62' title='bbox 519 1236 691 1324; x_wconf 87' lang='lat' dir='ltr'><strong>posteriore</strong></span> <span class='ocrx_word' id='word_1_63' title='bbox 759 1233 945 1323; x_wconf 86' lang='lat' dir='ltr'><strong>posteriores</strong></span> <span class='ocrx_word' id='word_1_64' title='bbox 983 1231 989 1323; x_wconf 93' lang='grc' dir='ltr'>Ι</span> <span class='ocrx_word' id='word_1_65' title='bbox 1026 1232 1166 1299; x_wconf 70' lang='lat' dir='ltr'><strong>vindicta</strong></span> <span class='ocrx_word' id='word_1_66' title='bbox 1190 1256 1246 1298; x_wconf 90' lang='lat' dir='ltr'><strong>uso</strong></span> 
     </span>
    </p>
   </div>
   <div class='ocr_carea' id='block_1_4' title="bbox 57 1334 1247 1445">
    <p class='ocr_par' dir='ltr' id='par_1_4' title="bbox 57 1334 1247 1445">
     <span class='ocr_line' id='line_1_9' title="bbox 57 1334 1247 1445; baseline -0.002 -23"><span class='ocrx_word' id='word_1_67' title='bbox 57 1362 86 1423; x_wconf 93' lang='lat'><strong>1.</strong></span> <span class='ocrx_word' id='word_1_68' title='bbox 112 1357 270 1422; x_wconf 82' lang='lat' dir='ltr'><strong>vindictae</strong></span> <span class='ocrx_word' id='word_1_69' title='bbox 295 1342 383 1445; x_wconf 54' lang='lat' dir='ltr'><strong>eis-⁴¹3³</strong></span> <span class='ocrx_word' id='word_1_70' title='bbox 394 1334 591 1422; x_wconf 65' lang='lat' dir='ltr'><strong>diciderunt.</strong></span> <span class='ocrx_word' id='word_1_71' title='bbox 664 1355 747 1442; x_wconf 81' lang='lat' dir='ltr'><strong>(V.)</strong></span> <span class='ocrx_word' id='word_1_72' title='bbox 769 1376 865 1444; x_wconf 82' lang='lat' dir='ltr'><strong>parvo</strong></span> <span class='ocrx_word' id='word_1_73' title='bbox 896 1353 1092 1419; x_wconf 90' lang='lat' dir='ltr'><strong>irritamento</strong></span> <span class='ocrx_word' id='word_1_74' title='bbox 1116 1355 1247 1444; x_wconf 91' lang='lat' dir='ltr'><strong>ingenui</strong></span> 
     </span>
    </p>
   </div>
   <div class='ocr_carea' id='block_1_5' title="bbox 57 1475 1345 4710">
    <p class='ocr_par' dir='ltr' id='par_1_5' title="bbox 57 1475 1247 1687">
     <span class='ocr_line' id='line_1_10' title="bbox 57 1475 1247 1569; baseline -0.002 -26"><span class='ocrx_word' id='word_1_75' title='bbox 57 1477 184 1569; x_wconf 90' lang='lat' dir='ltr'><strong>pudoris</strong></span> <span class='ocrx_word' id='word_1_76' title='bbox 204 1477 340 1541; x_wconf 92' lang='lat' dir='ltr'><strong>maxime</strong></span> <span class='ocrx_word' id='word_1_77' title='bbox 353 1477 399 1541; x_wconf 92' lang='lat' dir='ltr'><strong>rei</strong></span> <span class='ocrx_word' id='word_1_78' title='bbox 410 1476 585 1564; x_wconf 81' lang='lat' dir='ltr'><strong>expectatio</strong></span> <span class='ocrx_word' id='word_1_79' title='bbox 598 1475 729 1540; x_wconf 89' lang='lat' dir='ltr'><strong>subruta</strong></span> <span class='ocrx_word' id='word_1_80' title='bbox 742 1487 808 1553; x_wconf 91' lang='lat' dir='ltr'><strong>est,</strong></span> <span class='ocrx_word' id='word_1_81' title='bbox 830 1476 980 1564; x_wconf 89' lang='lat' dir='ltr'><strong>quoniam</strong></span> <span class='ocrx_word' id='word_1_82' title='bbox 993 1475 1142 1563; x_wconf 92' lang='lat' dir='ltr'><strong>opinione</strong></span> <span class='ocrx_word' id='word_1_83' title='bbox 1155 1498 1247 1564; x_wconf 91' lang='lat' dir='ltr'><strong>grae-</strong></span> 
     </span>
     <span class='ocr_line' id='line_1_11' title="bbox 57 1596 1245 1687; baseline -0.006 -21"><span class='ocrx_word' id='word_1_84' title='bbox 57 1601 102 1666; x_wconf 91' lang='lat' dir='ltr'><strong>cie</strong></span> <span class='ocrx_word' id='word_1_85' title='bbox 113 1649 122 1679; x_wconf 99' lang='lat'><strong>,</strong></span> <span class='ocrx_word' id='word_1_86' title='bbox 145 1610 271 1664; x_wconf 88' lang='lat' dir='ltr'><strong>tantum</strong></span> <span class='ocrx_word' id='word_1_87' title='bbox 294 1597 327 1663; x_wconf 93' lang='lat' dir='ltr'><strong>in</strong></span> <span class='ocrx_word' id='word_1_88' title='bbox 347 1620 401 1687; x_wconf 89' lang='lat' dir='ltr'><strong>spe</strong></span> <span class='ocrx_word' id='word_1_89' title='bbox 420 1597 534 1662; x_wconf 85' lang='lat' dir='ltr'><strong>iasonis</strong></span> <span class='ocrx_word' id='word_1_90' title='bbox 554 1609 709 1686; x_wconf 89' lang='lat' dir='ltr'><strong>quantum</strong></span> <span class='ocrx_word' id='word_1_91' title='bbox 733 1597 766 1662; x_wconf 94' lang='lat' dir='ltr'><strong>in</strong></span> <span class='ocrx_word' id='word_1_92' title='bbox 790 1598 887 1663; x_wconf 85' lang='lat' dir='ltr'><strong>effatu</strong></span> <span class='ocrx_word' id='word_1_93' title='bbox 899 1597 1058 1663; x_wconf 80' lang='lat' dir='ltr'><strong>alexandri</strong></span> <span class='ocrx_word' id='word_1_94' title='bbox 1070 1596 1245 1685; x_wconf 89' lang='lat' dir='ltr'><strong>reponitur.</strong></span> 
     </span>
    </p>

    <p class='ocr_par' dir='ltr' id='par_1_6' title="bbox 61 1715 1252 3234">
     <span class='ocr_line' id='line_1_12' title="bbox 98 1715 1246 1810; baseline -0.004 -24"><span class='ocrx_word' id='word_1_95' title='bbox 98 1719 179 1810; x_wconf 81' lang='lat' dir='ltr'><strong>Gap.</strong></span> <span class='ocrx_word' id='word_1_96' title='bbox 209 1721 247 1784; x_wconf 91' lang='lat'><strong>11·</strong></span> <span class='ocrx_word' id='word_1_97' title='bbox 282 1722 300 1805; x_wconf 95' lang='lat'><strong>§</strong></span> <span class='ocrx_word' id='word_1_98' title='bbox 328 1723 341 1782; x_wconf 93' lang='lat' dir='ltr'>l</span> <span class='ocrx_word' id='word_1_99' title='bbox 370 1717 482 1806; x_wconf 90' lang='lat' dir='ltr'><strong>agebat</strong></span> <span class='ocrx_word' id='word_1_100' title='bbox 553 1717 621 1806; x_wconf 85' lang='lat' dir='ltr'><strong>(V.)</strong></span> <span class='ocrx_word' id='word_1_101' title='bbox 648 1717 803 1783; x_wconf 89' lang='lat' dir='ltr'><strong>subeussis</strong></span> <span class='ocrx_word' id='word_1_102' title='bbox 826 1718 922 1784; x_wconf 83' lang='lat' dir='ltr'><strong>frenis</strong></span> <span class='ocrx_word' id='word_1_103' title='bbox 955 1715 960 1806; x_wconf 95' lang='grc' dir='ltr'>Ι</span> <span class='ocrx_word' id='word_1_104' title='bbox 990 1719 1124 1807; x_wconf 89' lang='lat' dir='ltr'><strong>ipsa-</strong></span> <span class='ocrx_word' id='word_1_105' title='bbox 1147 1718 1246 1783; x_wconf 90' lang='lat' dir='ltr'><strong>iussit.</strong></span> 
     </span>
     <span class='ocr_line' id='line_1_13' title="bbox 61 1838 1249 1928; baseline -0.003 -21"><span class='ocrx_word' id='word_1_106' title='bbox 61 1842 204 1920; x_wconf 74' lang='lat' dir='ltr'><strong>Brasa,</strong></span> <span class='ocrx_word' id='word_1_107' title='bbox 237 1848 307 1903; x_wconf 88' lang='lat' dir='ltr'><strong>tum</strong></span> <span class='ocrx_word' id='word_1_108' title='bbox 337 1862 380 1904; x_wconf 80' lang='lat' dir='ltr'><strong>ex</strong></span> <span class='ocrx_word' id='word_1_109' title='bbox 406 1838 451 1903; x_wconf 91' lang='lat' dir='ltr'><strong>V.</strong></span> <span class='ocrx_word' id='word_1_110' title='bbox 477 1839 585 1903; x_wconf 65' lang='lat' dir='ltr'><strong>ada:</strong></span> <span class='ocrx_word' id='word_1_111' title='bbox 616 1839 781 1928; x_wconf 90' lang='lat' dir='ltr'><strong>repentine</strong></span> <span class='ocrx_word' id='word_1_112' title='bbox 803 1862 891 1905; x_wconf 88' lang='lat' dir='ltr'><strong>more</strong></span> <span class='ocrx_word' id='word_1_113' title='bbox 914 1860 1008 1904; x_wconf 91' lang='lat' dir='ltr'><strong>cansa</strong></span> <span class='ocrx_word' id='word_1_114' title='bbox 1032 1839 1194 1928; x_wconf 79' lang='lat' dir='ltr'><strong>requisivit</strong></span> <span class='ocrx_word' id='word_1_115' title='bbox 1217 1851 1249 1905; x_wconf 91' lang='lat' dir='ltr'><strong>et</strong></span> 
     </span>
     <span class='ocr_line' id='line_1_14' title="bbox 61 1959 1250 2051; baseline -0.003 -23"><span class='ocrx_word' id='word_1_116' title='bbox 61 1975 92 2028; x_wconf 88' lang='lat' dir='ltr'><strong>nt</strong></span> <span class='ocrx_word' id='word_1_117' title='bbox 123 1982 237 2051; x_wconf 85' lang='lat' dir='ltr'><strong>corpus</strong></span> <span class='ocrx_word' id='word_1_118' title='bbox 268 1960 365 2049; x_wconf 91' lang='lat' dir='ltr'><strong>patris</strong></span> <span class='ocrx_word' id='word_1_119' title='bbox 396 1960 488 2024; x_wconf 84' lang='lat' dir='ltr'><strong>servii</strong></span> <span class='ocrx_word' id='word_1_120' title='bbox 518 1960 602 2024; x_wconf 90' lang='lat' dir='ltr'><strong>tullii</strong></span> <span class='ocrx_word' id='word_1_121' title='bbox 631 1960 727 2026; x_wconf 90' lang='lat' dir='ltr'><strong>occisi</strong></span> <span class='ocrx_word' id='word_1_122' title='bbox 757 1960 802 2025; x_wconf 93' lang='lat' dir='ltr'><strong>ibi</strong></span> <span class='ocrx_word' id='word_1_123' title='bbox 833 1960 955 2040; x_wconf 89' lang='lat' dir='ltr'><strong>iacere,</strong></span> <span class='ocrx_word' id='word_1_124' title='bbox 988 1983 1082 2051; x_wconf 88' lang='lat' dir='ltr'><strong>supra</strong></span> <span class='ocrx_word' id='word_1_125' title='bbox 1114 1960 1147 2024; x_wconf 93' lang='lat' dir='ltr'><strong>id</strong></span> <span class='ocrx_word' id='word_1_126' title='bbox 1175 1959 1250 2026; x_wconf 89' lang='lat' dir='ltr'><strong>duci</strong></span> 
     </span>
     <span class='ocr_line' id='line_1_15' title="bbox 61 2080 1249 2171; baseline -0.002 -23"><span class='ocrx_word' id='word_1_127' title='bbox 61 2081 239 2150; x_wconf 74' lang='lat' dir='ltr'><strong>vehiculum</strong></span> <span class='ocrx_word' id='word_1_128' title='bbox 263 2081 351 2146; x_wconf 91' lang='lat' dir='ltr'><strong>iussit</strong></span> <span class='ocrx_word' id='word_1_129' title='bbox 376 2103 439 2169; x_wconf 91' lang='lat' dir='ltr'><strong>quo</strong></span> <span class='ocrx_word' id='word_1_130' title='bbox 463 2080 595 2146; x_wconf 88' lang='lat' dir='ltr'><strong>celerius</strong></span> <span class='ocrx_word' id='word_1_131' title='bbox 618 2082 653 2147; x_wconf 95' lang='lat' dir='ltr'><strong>in</strong></span> <span class='ocrx_word' id='word_1_132' title='bbox 677 2081 843 2171; x_wconf 85' lang='lat' dir='ltr'><strong>complexu</strong></span> <span class='ocrx_word' id='word_1_133' title='bbox 866 2082 1074 2148; x_wconf 89' lang='lat' dir='ltr'><strong>interfectoris</strong></span> <span class='ocrx_word' id='word_1_134' title='bbox 1097 2083 1164 2147; x_wconf 90' lang='lat' dir='ltr'><strong>eius</strong></span> <span class='ocrx_word' id='word_1_135' title='bbox 1183 2093 1249 2146; x_wconf 91' lang='lat' dir='ltr'><strong>tar·</strong></span> 
     </span>
     <span class='ocr_line' id='line_1_16' title="bbox 64 2201 1251 2293; baseline -0.001 -25"><span class='ocrx_word' id='word_1_136' title='bbox 64 2203 162 2293; x_wconf 86' lang='lat' dir='ltr'><strong>qninii</strong></span> <span class='ocrx_word' id='word_1_137' title='bbox 197 2202 334 2281; x_wconf 80' lang='lat' dir='ltr'><strong>reniret,</strong></span> <span class='ocrx_word' id='word_1_138' title='bbox 373 2224 435 2291; x_wconf 88' lang='lat' dir='ltr'><strong>qna</strong></span> <span class='ocrx_word' id='word_1_139' title='bbox 467 2213 532 2266; x_wconf 93' lang='lat' dir='ltr'><strong>tarn</strong></span> <span class='ocrx_word' id='word_1_140' title='bbox 560 2201 677 2289; x_wconf 92' lang='lat' dir='ltr'><strong>impia,</strong></span> <span class='ocrx_word' id='word_1_141' title='bbox 710 2214 840 2290; x_wconf 88' lang='lat' dir='ltr'><strong>tamque</strong></span> <span class='ocrx_word' id='word_1_142' title='bbox 870 2202 1021 2290; x_wconf 91' lang='lat' dir='ltr'><strong>probrosa</strong></span> <span class='ocrx_word' id='word_1_143' title='bbox 1052 2202 1251 2268; x_wconf 89' lang='lat' dir='ltr'><strong>festinatione</strong></span> 
     </span>
     <span class='ocr_line' id='line_1_17' title="bbox 63 2319 1251 2412; baseline -0.002 -23"><span class='ocrx_word' id='word_1_144' title='bbox 63 2346 123 2389; x_wconf 91' lang='lat' dir='ltr'><strong>non</strong></span> <span class='ocrx_word' id='word_1_145' title='bbox 155 2322 259 2388; x_wconf 90' lang='lat' dir='ltr'><strong>solum</strong></span> <span class='ocrx_word' id='word_1_146' title='bbox 290 2345 322 2386; x_wconf 95' lang='lat' dir='ltr'><strong>se</strong></span> <span class='ocrx_word' id='word_1_147' title='bbox 354 2333 480 2385; x_wconf 91' lang='lat' dir='ltr'><strong>aeterna</strong></span> <span class='ocrx_word' id='word_1_148' title='bbox 512 2319 642 2385; x_wconf 90' lang='lat' dir='ltr'><strong>infamia</strong></span> <span class='ocrx_word' id='word_1_149' title='bbox 672 2319 727 2385; x_wconf 91' lang='lat' dir='ltr'><strong>sed</strong></span> <span class='ocrx_word' id='word_1_150' title='bbox 752 2333 784 2386; x_wconf 90' lang='lat' dir='ltr'><strong>et</strong></span> <span class='ocrx_word' id='word_1_151' title='bbox 807 2322 910 2412; x_wconf 90' lang='lat' dir='ltr'><strong>ipsum</strong></span> <span class='ocrx_word' id='word_1_152' title='bbox 933 2323 1039 2387; x_wconf 75' lang='lat' dir='ltr'><strong>uicum</strong></span> <span class='ocrx_word' id='word_1_153' title='bbox 1064 2323 1251 2411; x_wconf 77' lang='lat' dir='ltr'><strong>cognomine</strong></span> 
     </span>
     <span class='ocr_line' id='line_1_18' title="bbox 62 2441 1250 2530; baseline -0.003 -20"><span class='ocrx_word' id='word_1_154' title='bbox 62 2444 182 2511; x_wconf 89' lang='lat' dir='ltr'><strong>sceleris</strong></span> <span class='ocrx_word' id='word_1_155' title='bbox 203 2443 385 2509; x_wconf 83' lang='lat' dir='ltr'><strong>macularit.</strong></span> <span class='ocrx_word' id='word_1_156' title='bbox 457 2446 474 2529; x_wconf 90' lang='lat'><strong>§</strong></span> <span class='ocrx_word' id='word_1_157' title='bbox 503 2444 522 2505; x_wconf 89' lang='grc'>2</span> <span class='ocrx_word' id='word_1_158' title='bbox 558 2441 678 2506; x_wconf 90' lang='lat' dir='ltr'><strong>cui-</strong></span> <span class='ocrx_word' id='word_1_159' title='bbox 701 2453 804 2530; x_wconf 88' lang='lat' dir='ltr'><strong>posset</strong></span> <span class='ocrx_word' id='word_1_160' title='bbox 874 2442 935 2507; x_wconf 77' lang='lat' dir='ltr'><strong>Ex</strong></span> <span class='ocrx_word' id='word_1_161' title='bbox 960 2442 1007 2510; x_wconf 88' lang='lat' dir='ltr'><strong>V.</strong></span> <span class='ocrx_word' id='word_1_162' title='bbox 1033 2441 1117 2507; x_wconf 79' lang='lat' dir='ltr'><strong>add.</strong></span> <span class='ocrx_word' id='word_1_163' title='bbox 1188 2446 1250 2528; x_wconf 89' lang='lat'><strong>§3</strong></span> 
     </span>
     <span class='ocr_line' id='line_1_19' title="bbox 65 2560 1252 2650; baseline -0.006 -18"><span class='ocrx_word' id='word_1_164' title='bbox 65 2564 214 2632; x_wconf 76' lang='lat' dir='ltr'><strong>Cicerone</strong></span> <span class='ocrx_word' id='word_1_165' title='bbox 287 2566 317 2628; x_wconf 86' lang='lat' dir='ltr'><strong>i.</strong></span> <span class='ocrx_word' id='word_1_166' title='bbox 344 2574 455 2628; x_wconf 92' lang='lat' dir='ltr'><strong>catone</strong></span> <span class='ocrx_word' id='word_1_167' title='bbox 525 2566 584 2650; x_wconf 86' lang='lat'><strong>§7</strong></span> <span class='ocrx_word' id='word_1_168' title='bbox 622 2560 781 2627; x_wconf 84' lang='lat' dir='ltr'><strong>Salassum</strong></span> <span class='ocrx_word' id='word_1_169' title='bbox 854 2568 883 2627; x_wconf 88' lang='lat' dir='ltr'><strong>t.</strong></span> <span class='ocrx_word' id='word_1_170' title='bbox 909 2563 1025 2628; x_wconf 88' lang='lat' dir='ltr'><strong>saisum</strong></span> <span class='ocrx_word' id='word_1_171' title='bbox 1085 2565 1102 2646; x_wconf 90' lang='lat'><strong>§</strong></span> <span class='ocrx_word' id='word_1_172' title='bbox 1129 2568 1149 2628; x_wconf 91' lang='grc'>8</span> <span class='ocrx_word' id='word_1_173' title='bbox 1173 2584 1252 2650; x_wconf 88' lang='lat' dir='ltr'><strong>pug-</strong></span> 
     </span>
     <span class='ocr_line' id='line_1_20' title="bbox 63 2683 1252 2772; baseline -0.003 -23"><span class='ocrx_word' id='word_1_174' title='bbox 63 2684 177 2752; x_wconf 85' lang='lat' dir='ltr'><strong>naturi.</strong></span> <span class='ocrx_word' id='word_1_175' title='bbox 252 2683 321 2772; x_wconf 87' lang='lat' dir='ltr'><strong>(V.)</strong></span> <span class='ocrx_word' id='word_1_176' title='bbox 354 2706 406 2748; x_wconf 91' lang='lat' dir='ltr'><strong>eos</strong></span> <span class='ocrx_word' id='word_1_177' title='bbox 427 2705 500 2748; x_wconf 91' lang='lat' dir='ltr'><strong>cum</strong></span> <span class='ocrx_word' id='word_1_178' title='bbox 528 2683 625 2772; x_wconf 90' lang='lat' dir='ltr'><strong>scipio</strong></span> <span class='ocrx_word' id='word_1_179' title='bbox 649 2683 822 2747; x_wconf 86' lang='lat' dir='ltr'><strong>monuisset</strong></span> <span class='ocrx_word' id='word_1_180' title='bbox 846 2695 881 2748; x_wconf 91' lang='lat' dir='ltr'><strong>nt</strong></span> <span class='ocrx_word' id='word_1_181' title='bbox 908 2683 1008 2749; x_wconf 85' lang='lat' dir='ltr'><strong>rerbis</strong></span> <span class='ocrx_word' id='word_1_182' title='bbox 1032 2683 1131 2772; x_wconf 92' lang='lat' dir='ltr'><strong>magis</strong></span> <span class='ocrx_word' id='word_1_183' title='bbox 1156 2705 1252 2771; x_wconf 90' lang='lat' dir='ltr'><strong>quam</strong></span> 
     </span>
     <span class='ocr_line' id='line_1_21' title="bbox 63 2803 1251 2894; baseline -0.002 -24"><span class='ocrx_word' id='word_1_184' title='bbox 63 2806 141 2872; x_wconf 89' lang='lat' dir='ltr'><strong>ferro</strong></span> <span class='ocrx_word' id='word_1_185' title='bbox 167 2818 238 2871; x_wconf 90' lang='lat' dir='ltr'><strong>uter</strong></span> <span class='ocrx_word' id='word_1_186' title='bbox 262 2828 393 2894; x_wconf 89' lang='lat' dir='ltr'><strong>regnare</strong></span> <span class='ocrx_word' id='word_1_187' title='bbox 416 2803 545 2870; x_wconf 92' lang='lat' dir='ltr'><strong>deberet</strong></span> <span class='ocrx_word' id='word_1_188' title='bbox 569 2804 783 2884; x_wconf 89' lang='lat' dir='ltr'><strong>decertarent,</strong></span> <span class='ocrx_word' id='word_1_189' title='bbox 810 2827 847 2869; x_wconf 91' lang='lat' dir='ltr'><strong>ac</strong></span> <span class='ocrx_word' id='word_1_190' title='bbox 870 2805 934 2868; x_wconf 90' lang='lat' dir='ltr'><strong>iam</strong></span> <span class='ocrx_word' id='word_1_191' title='bbox 954 2806 1054 2869; x_wconf 90' lang='lat' dir='ltr'><strong>maior</strong></span> <span class='ocrx_word' id='word_1_192' title='bbox 1074 2819 1151 2871; x_wconf 89' lang='lat' dir='ltr'><strong>natu</strong></span> <span class='ocrx_word' id='word_1_193' title='bbox 1172 2827 1251 2869; x_wconf 89' lang='lat' dir='ltr'><strong>oon-</strong></span> 
     </span>
     <span class='ocr_line' id='line_1_22' title="bbox 65 2925 1251 3016; baseline -0.001 -26"><span class='ocrx_word' id='word_1_194' title='bbox 65 2927 135 2992; x_wconf 91' lang='lat' dir='ltr'><strong>siliis</strong></span> <span class='ocrx_word' id='word_1_195' title='bbox 159 2926 226 2992; x_wconf 89' lang='lat' dir='ltr'><strong>eius</strong></span> <span class='ocrx_word' id='word_1_196' title='bbox 250 2927 500 3016; x_wconf 88' lang='lat' dir='ltr'><strong>obtemperaret,</strong></span> <span class='ocrx_word' id='word_1_197' title='bbox 521 2927 626 2991; x_wconf 92' lang='lat' dir='ltr'><strong>minor</strong></span> <span class='ocrx_word' id='word_1_198' title='bbox 645 2927 783 3016; x_wconf 89' lang='lat' dir='ltr'><strong>corporis</strong></span> <span class='ocrx_word' id='word_1_199' title='bbox 805 2926 920 2991; x_wconf 74' lang='lat' dir='ltr'><strong>viribus</strong></span> <span class='ocrx_word' id='word_1_200' title='bbox 940 2925 1039 2990; x_wconf 84' lang='lat' dir='ltr'><strong>fretus</strong></span> <span class='ocrx_word' id='word_1_201' title='bbox 1060 2927 1092 2990; x_wconf 92' lang='lat' dir='ltr'><strong>in</strong></span> <span class='ocrx_word' id='word_1_202' title='bbox 1114 2926 1251 2990; x_wconf 88' lang='lat' dir='ltr'><strong>amentia</strong></span> 
     </span>
     <span class='ocr_line' id='line_1_23' title="bbox 66 3045 1252 3137; baseline -0.001 -24"><span class='ocrx_word' id='word_1_203' title='bbox 66 3049 197 3136; x_wconf 90' lang='lat' dir='ltr'><strong>perstitit</strong></span> <span class='ocrx_word' id='word_1_204' title='bbox 229 3047 373 3135; x_wconf 89' lang='lat' dir='ltr'><strong>initoque</strong></span> <span class='ocrx_word' id='word_1_205' title='bbox 407 3049 579 3113; x_wconf 89' lang='lat' dir='ltr'><strong>certamine</strong></span> <span class='ocrx_word' id='word_1_206' title='bbox 602 3049 794 3137; x_wconf 88' lang='lat' dir='ltr'><strong>pertinacior</strong></span> <span class='ocrx_word' id='word_1_207' title='bbox 816 3047 961 3137; x_wconf 88' lang='lat' dir='ltr'><strong>impietas</strong></span> <span class='ocrx_word' id='word_1_208' title='bbox 984 3045 1110 3112; x_wconf 85' lang='lat' dir='ltr'><strong>fortune</strong></span> <span class='ocrx_word' id='word_1_209' title='bbox 1132 3046 1252 3113; x_wconf 90' lang='lat' dir='ltr'><strong>iudicio</strong></span> 
     </span>
     <span class='ocr_line' id='line_1_24' title="bbox 67 3168 404 3234; baseline 0 -1"><span class='ocrx_word' id='word_1_210' title='bbox 67 3180 166 3234; x_wconf 89' lang='lat' dir='ltr'><strong>morte</strong></span> <span class='ocrx_word' id='word_1_211' title='bbox 190 3168 324 3232; x_wconf 87' lang='lat' dir='ltr'><strong>multata</strong></span> <span class='ocrx_word' id='word_1_212' title='bbox 349 3181 404 3234; x_wconf 92' lang='lat' dir='ltr'><strong>est.</strong></span> 
     </span>
    </p>

    <p class='ocr_par' dir='ltr' id='par_1_7' title="bbox 69 3288 1255 3620">
     <span class='ocr_line' id='line_1_25' title="bbox 110 3288 1254 3380; baseline -0.001 -25"><span class='ocrx_word' id='word_1_213' title='bbox 110 3288 189 3379; x_wconf 80' lang='lat' dir='ltr'><strong>Gap.</strong></span> <span class='ocrx_word' id='word_1_214' title='bbox 231 3291 271 3353; x_wconf 84' lang='lat'><strong>12</strong></span> <span class='ocrx_word' id='word_1_215' title='bbox 308 3290 326 3374; x_wconf 92' lang='lat'><strong>§</strong></span> <span class='ocrx_word' id='word_1_216' title='bbox 364 3293 384 3352; x_wconf 95' lang='lat'>4</span> <span class='ocrx_word' id='word_1_217' title='bbox 419 3288 580 3354; x_wconf 82' lang='lat' dir='ltr'><strong>Iuventius</strong></span> <span class='ocrx_word' id='word_1_218' title='bbox 658 3289 702 3354; x_wconf 88' lang='lat' dir='ltr'><strong>M.</strong></span> <span class='ocrx_word' id='word_1_219' title='bbox 736 3290 893 3355; x_wconf 82' lang='lat' dir='ltr'><strong>iuventius</strong></span> <span class='ocrx_word' id='word_1_220' title='bbox 925 3288 931 3380; x_wconf 97' lang='grc' dir='ltr'>Ι</span> <span class='ocrx_word' id='word_1_221' title='bbox 963 3302 1074 3356; x_wconf 87' lang='lat' dir='ltr'><strong>senatu</strong></span> <span class='ocrx_word' id='word_1_222' title='bbox 1143 3303 1254 3355; x_wconf 86' lang='lat' dir='ltr'><strong>senatu</strong></span> 
     </span>
     <span class='ocr_line' id='line_1_26' title="bbox 69 3408 1255 3499; baseline 0.001 -25"><span class='ocrx_word' id='word_1_223' title='bbox 69 3409 285 3476; x_wconf 88' lang='lat' dir='ltr'><strong>nuntiantibus</strong></span> <span class='ocrx_word' id='word_1_224' title='bbox 318 3408 323 3498; x_wconf 93' lang='grc' dir='ltr'>Ι</span> <span class='ocrx_word' id='word_1_225' title='bbox 355 3410 539 3475; x_wconf 84' lang='lat' dir='ltr'><strong>nuntiantes</strong></span> <span class='ocrx_word' id='word_1_226' title='bbox 608 3408 727 3476; x_wconf 79' lang='lat' dir='ltr'><strong>Deest.</strong></span> <span class='ocrx_word' id='word_1_227' title='bbox 799 3415 860 3499; x_wconf 90' lang='lat'><strong>§7</strong></span> <span class='ocrx_word' id='word_1_228' title='bbox 898 3409 1079 3476; x_wconf 87' lang='lat' dir='ltr'><strong>dicerentur</strong></span> <span class='ocrx_word' id='word_1_229' title='bbox 1150 3416 1180 3476; x_wconf 89' lang='lat'><strong>1.</strong></span> <span class='ocrx_word' id='word_1_230' title='bbox 1206 3411 1255 3475; x_wconf 92' lang='lat' dir='ltr'><strong>di-</strong></span> 
     </span>
     <span class='ocr_line' id='line_1_27' title="bbox 70 3528 1197 3620; baseline 0 -25"><span class='ocrx_word' id='word_1_231' title='bbox 70 3531 240 3598; x_wconf 85' lang='lat' dir='ltr'><strong>rirerentur</strong></span> <span class='ocrx_word' id='word_1_232' title='bbox 308 3535 326 3617; x_wconf 90' lang='grc' dir='ltr'>Ι</span> <span class='ocrx_word' id='word_1_233' title='bbox 353 3533 392 3595; x_wconf 95' lang='lat' dir='ltr'><strong>l4</strong></span> <span class='ocrx_word' id='word_1_234' title='bbox 429 3530 575 3595; x_wconf 84' lang='lat' dir='ltr'><strong>Manibus</strong></span> <span class='ocrx_word' id='word_1_235' title='bbox 598 3531 770 3620; x_wconf 90' lang='lat' dir='ltr'><strong>oppressis,</strong></span> <span class='ocrx_word' id='word_1_236' title='bbox 841 3531 997 3596; x_wconf 90' lang='lat' dir='ltr'><strong>manibus.</strong></span> <span class='ocrx_word' id='word_1_237' title='bbox 1025 3528 1197 3620; x_wconf 87' lang='lat' dir='ltr'><strong>Oppressus</strong></span> 
     </span>
    </p>

    <p class='ocr_par' dir='ltr' id='par_1_8' title="bbox 114 3649 1255 3741">
     <span class='ocr_line' id='line_1_28' title="bbox 114 3649 1255 3741; baseline -0.001 -23"><span class='ocrx_word' id='word_1_238' title='bbox 114 3651 192 3740; x_wconf 83' lang='lat' dir='ltr'><strong>Cap.</strong></span> <span class='ocrx_word' id='word_1_239' title='bbox 221 3655 261 3717; x_wconf 87' lang='lat'><strong>13</strong></span> <span class='ocrx_word' id='word_1_240' title='bbox 286 3657 303 3738; x_wconf 94' lang='grc' dir='ltr'>Ι</span> <span class='ocrx_word' id='word_1_241' title='bbox 327 3655 346 3715; x_wconf 90' lang='grc'><strong>2</strong></span> <span class='ocrx_word' id='word_1_242' title='bbox 372 3649 431 3716; x_wconf 94' lang='lat' dir='ltr'><strong>sibi</strong></span> <span class='ocrx_word' id='word_1_243' title='bbox 455 3650 561 3736; x_wconf 85' lang='lat' dir='ltr'><strong>alvum</strong></span> <span class='ocrx_word' id='word_1_244' title='bbox 621 3655 650 3717; x_wconf 94' lang='lat' dir='ltr'><strong>l.</strong></span> <span class='ocrx_word' id='word_1_245' title='bbox 677 3652 798 3717; x_wconf 85' lang='lat' dir='ltr'><strong>salvum</strong></span> <span class='ocrx_word' id='word_1_246' title='bbox 818 3651 824 3741; x_wconf 96' lang='grc' dir='ltr'>Ι</span> <span class='ocrx_word' id='word_1_247' title='bbox 844 3653 999 3741; x_wconf 78' lang='lat' dir='ltr'><strong>expiraret</strong></span> <span class='ocrx_word' id='word_1_248' title='bbox 1058 3657 1088 3717; x_wconf 93' lang='lat'><strong>1.</strong></span> <span class='ocrx_word' id='word_1_249' title='bbox 1116 3653 1255 3741; x_wconf 88' lang='lat' dir='ltr'><strong>expirare</strong></span> 
     </span>
    </p>

    <p class='ocr_par' dir='ltr' id='par_1_9' title="bbox 71 3769 1256 3982">
     <span class='ocr_line' id='line_1_29' title="bbox 113 3769 1256 3862; baseline 0 -25"><span class='ocrx_word' id='word_1_250' title='bbox 113 3769 191 3862; x_wconf 81' lang='lat' dir='ltr'><strong>Gap.</strong></span> <span class='ocrx_word' id='word_1_251' title='bbox 233 3775 273 3836; x_wconf 91' lang='lat'><strong>14</strong></span> <span class='ocrx_word' id='word_1_252' title='bbox 321 3773 394 3836; x_wconf 91' lang='lat' dir='ltr'><strong>sint.</strong></span> <span class='ocrx_word' id='word_1_253' title='bbox 466 3784 561 3851; x_wconf 88' lang='lat' dir='ltr'><strong>sunt,</strong></span> <span class='ocrx_word' id='word_1_254' title='bbox 587 3795 678 3837; x_wconf 82' lang='lat' dir='ltr'><strong>corr.</strong></span> <span class='ocrx_word' id='word_1_255' title='bbox 707 3778 737 3838; x_wconf 93' lang='lat'><strong>1.</strong></span> <span class='ocrx_word' id='word_1_256' title='bbox 811 3775 828 3856; x_wconf 87' lang='grc' dir='ltr'>Ι</span> <span class='ocrx_word' id='word_1_257' title='bbox 855 3777 870 3836; x_wconf 92' lang='lat'>1</span> <span class='ocrx_word' id='word_1_258' title='bbox 909 3772 1071 3837; x_wconf 87' lang='lat' dir='ltr'><strong>Masinissa</strong></span> <span class='ocrx_word' id='word_1_259' title='bbox 1142 3772 1256 3838; x_wconf 90' lang='lat' dir='ltr'><strong>Masin-</strong></span> 
     </span>
     <span class='ocr_line' id='line_1_30' title="bbox 71 3890 974 3982; baseline 0.003 -28"><span class='ocrx_word' id='word_1_260' title='bbox 71 3893 149 3958; x_wconf 86' lang='lat' dir='ltr'><strong>nissa</strong></span> <span class='ocrx_word' id='word_1_261' title='bbox 181 3890 186 3981; x_wconf 93' lang='grc' dir='ltr'>Ι</span> <span class='ocrx_word' id='word_1_262' title='bbox 221 3891 296 3958; x_wconf 89' lang='lat' dir='ltr'><strong>fidei</strong></span> <span class='ocrx_word' id='word_1_263' title='bbox 365 3893 427 3957; x_wconf 91' lang='lat' dir='ltr'><strong>fide</strong></span> <span class='ocrx_word' id='word_1_264' title='bbox 496 3898 557 3981; x_wconf 84' lang='lat'><strong>§2</strong></span> <span class='ocrx_word' id='word_1_265' title='bbox 595 3906 689 3982; x_wconf 87' lang='lat' dir='ltr'><strong>atque</strong></span> <span class='ocrx_word' id='word_1_266' title='bbox 758 3905 854 3980; x_wconf 89' lang='lat' dir='ltr'><strong>atque</strong></span> <span class='ocrx_word' id='word_1_267' title='bbox 878 3893 974 3958; x_wconf 91' lang='lat' dir='ltr'><strong>etiam</strong></span> 
     </span>
    </p>

    <p class='ocr_par' dir='ltr' id='par_1_10' title="bbox 70 4011 1345 4710">
     <span class='ocr_line' id='line_1_31' title="bbox 114 4011 1345 4104; baseline -0.006 -24"><span class='ocrx_word' id='word_1_268' title='bbox 114 4011 192 4104; x_wconf 84' lang='lat' dir='ltr'><strong>Gap.</strong></span> <span class='ocrx_word' id='word_1_269' title='bbox 222 4020 261 4080; x_wconf 90' lang='lat'><strong>15</strong></span> <span class='ocrx_word' id='word_1_270' title='bbox 301 4017 364 4099; x_wconf 55' lang='grc' dir='ltr'>ΙΙ</span> <span class='ocrx_word' id='word_1_271' title='bbox 402 4013 584 4102; x_wconf 88' lang='lat' dir='ltr'><strong>Menogenis</strong></span> <span class='ocrx_word' id='word_1_272' title='bbox 657 4018 686 4078; x_wconf 93' lang='lat' dir='ltr'><strong>l.</strong></span> <span class='ocrx_word' id='word_1_273' title='bbox 724 4015 892 4103; x_wconf 91' lang='lat' dir='ltr'><strong>menogeni</strong></span> <span class='ocrx_word' id='word_1_274' title='bbox 960 4018 978 4099; x_wconf 94' lang='grc' dir='ltr'>Ι</span> <span class='ocrx_word' id='word_1_275' title='bbox 1014 4019 1033 4079; x_wconf 89' lang='grc'><strong>3</strong></span> <span class='ocrx_word' id='word_1_276' title='bbox 1069 4026 1100 4079; x_wconf 91' lang='lat' dir='ltr'><strong>et</strong></span> <span class='ocrx_word' id='word_1_277' title='bbox 1137 4018 1155 4078; x_wconf 88' lang='lat'>4</span> <span class='ocrx_word' id='word_1_278' title='bbox 1191 4038 1257 4079; x_wconf 82' lang='lat' dir='ltr'><strong>uno</strong></span> <span class='ocrx_word' id='word_1_279' title='bbox 1343 4066 1345 4073; x_wconf 93' lang='lat'><strong>.</strong></span> 
     </span>
     <span class='ocr_line' id='line_1_32' title="bbox 75 4134 1258 4224; baseline 0.006 -30"><span class='ocrx_word' id='word_1_280' title='bbox 75 4139 188 4199; x_wconf 81' lang='lat' dir='ltr'><strong>tenore</strong></span> <span class='ocrx_word' id='word_1_281' title='bbox 213 4138 370 4224; x_wconf 68' lang='lat' dir='ltr'><strong>scraptae</strong></span> <span class='ocrx_word' id='word_1_282' title='bbox 391 4159 414 4198; x_wconf 84' lang='lat' dir='ltr'><strong>a</strong></span> <span class='ocrx_word' id='word_1_283' title='bbox 441 4140 496 4213; x_wconf 89' lang='lat'><strong>1.‚</strong></span> <span class='ocrx_word' id='word_1_284' title='bbox 523 4134 587 4199; x_wconf 82' lang='lat' dir='ltr'><strong>sed</strong></span> <span class='ocrx_word' id='word_1_285' title='bbox 608 4135 726 4198; x_wconf 80' lang='lat' dir='ltr'><strong>altera</strong></span> <span class='ocrx_word' id='word_1_286' title='bbox 752 4137 848 4199; x_wconf 81' lang='lat' dir='ltr'><strong>ratio</strong></span> <span class='ocrx_word' id='word_1_287' title='bbox 865 4135 1009 4224; x_wconf 79' lang='lat' dir='ltr'><strong>placuit</strong></span> <span class='ocrx_word' id='word_1_288' title='bbox 1033 4139 1067 4198; x_wconf 84' lang='lat' dir='ltr'><strong>ei</strong></span> <span class='ocrx_word' id='word_1_289' title='bbox 1079 4185 1087 4214; x_wconf 92' lang='lat'><strong>,</strong></span> <span class='ocrx_word' id='word_1_290' title='bbox 1113 4138 1176 4224; x_wconf 82' lang='lat' dir='ltr'><strong>qui</strong></span> <span class='ocrx_word' id='word_1_291' title='bbox 1198 4160 1258 4201; x_wconf 84' lang='lat' dir='ltr'><strong>ru-</strong></span> 
     </span>
     <span class='ocr_line' id='line_1_33' title="bbox 75 4252 1258 4347; baseline 0.008 -33"><span class='ocrx_word' id='word_1_292' title='bbox 75 4252 187 4321; x_wconf 80' lang='lat' dir='ltr'><strong>dricus</strong></span> <span class='ocrx_word' id='word_1_293' title='bbox 211 4255 432 4346; x_wconf 51' lang='lat' dir='ltr'><strong>adscripsim</strong></span> <span class='ocrx_word' id='word_1_294' title='bbox 460 4253 578 4320; x_wconf 79' lang='lat' dir='ltr'><strong>altero</strong></span> <span class='ocrx_word' id='word_1_295' title='bbox 597 4280 692 4347; x_wconf 80' lang='lat' dir='ltr'><strong>pars</strong></span> <span class='ocrx_word' id='word_1_296' title='bbox 716 4261 734 4344; x_wconf 89' lang='grc' dir='ltr'>Ι</span> <span class='ocrx_word' id='word_1_297' title='bbox 761 4261 779 4321; x_wconf 90' lang='lat'>4</span> <span class='ocrx_word' id='word_1_298' title='bbox 804 4278 891 4320; x_wconf 83' lang='lat' dir='ltr'><strong>nova</strong></span> <span class='ocrx_word' id='word_1_299' title='bbox 916 4255 1087 4320; x_wconf 81' lang='lat' dir='ltr'><strong>habeatur</strong></span> <span class='ocrx_word' id='word_1_300' title='bbox 1111 4261 1139 4345; x_wconf 88' lang='lat'><strong>§.</strong></span> <span class='ocrx_word' id='word_1_301' title='bbox 1199 4263 1258 4346; x_wconf 89' lang='lat'><strong>§4</strong></span> 
     </span>
     <span class='ocr_line' id='line_1_34' title="bbox 76 4371 1259 4467; baseline 0.003 -29"><span class='ocrx_word' id='word_1_302' title='bbox 76 4371 235 4464; x_wconf 91' lang='lat' dir='ltr'><strong>Pamphilo</strong></span> <span class='ocrx_word' id='word_1_303' title='bbox 303 4375 448 4467; x_wconf 90' lang='lat' dir='ltr'><strong>panphili</strong></span> <span class='ocrx_word' id='word_1_304' title='bbox 517 4381 578 4464; x_wconf 84' lang='lat'><strong>§6</strong></span> <span class='ocrx_word' id='word_1_305' title='bbox 604 4377 788 4443; x_wconf 73' lang='lat' dir='ltr'><strong>vindicaret.</strong></span> <span class='ocrx_word' id='word_1_306' title='bbox 860 4375 1030 4442; x_wconf 83' lang='lat' dir='ltr'><strong>vindicare.</strong></span> <span class='ocrx_word' id='word_1_307' title='bbox 1103 4382 1152 4465; x_wconf 90' lang='lat'><strong>§7</strong></span> <span class='ocrx_word' id='word_1_308' title='bbox 1178 4380 1259 4441; x_wconf 80' lang='lat' dir='ltr'><strong>olim</strong></span> 
     </span>
     <span class='ocr_line' id='line_1_35' title="bbox 70 4495 1258 4588; baseline 0.004 -29"><span class='ocrx_word' id='word_1_309' title='bbox 70 4496 296 4581; x_wconf 81' lang='lat' dir='ltr'><strong>praecedenti</strong></span> <span class='ocrx_word' id='word_1_310' title='bbox 323 4503 341 4584; x_wconf 91' lang='lat'><strong>§</strong></span> <span class='ocrx_word' id='word_1_311' title='bbox 364 4497 589 4562; x_wconf 81' lang='lat' dir='ltr'><strong>adhaerebat.</strong></span> <span class='ocrx_word' id='word_1_312' title='bbox 625 4495 630 4587; x_wconf 95' lang='grc' dir='ltr'>Ι</span> <span class='ocrx_word' id='word_1_313' title='bbox 660 4511 802 4588; x_wconf 91' lang='lat' dir='ltr'><strong>repertus</strong></span> <span class='ocrx_word' id='word_1_314' title='bbox 876 4502 904 4562; x_wconf 90' lang='lat' dir='ltr'><strong>l.</strong></span> <span class='ocrx_word' id='word_1_315' title='bbox 931 4511 1094 4588; x_wconf 86' lang='lat' dir='ltr'><strong>reppertus</strong></span> <span class='ocrx_word' id='word_1_316' title='bbox 1164 4503 1181 4585; x_wconf 89' lang='lat'><strong>§</strong></span> <span class='ocrx_word' id='word_1_317' title='bbox 1218 4503 1258 4564; x_wconf 88' lang='grc'><strong>10</strong></span> 
     </span>
     <span class='ocr_line' id='line_1_36' title="bbox 79 4613 1256 4710; baseline 0.006 -31"><span class='ocrx_word' id='word_1_318' title='bbox 79 4613 251 4685; x_wconf 76' lang='lat' dir='ltr'><strong>Ariarathes</strong></span> <span class='ocrx_word' id='word_1_319' title='bbox 322 4619 474 4698; x_wconf 88' lang='lat' dir='ltr'><strong>ariathes‚</strong></span> <span class='ocrx_word' id='word_1_320' title='bbox 500 4616 533 4684; x_wconf 82' lang='lat' dir='ltr'><strong>et</strong></span> <span class='ocrx_word' id='word_1_321' title='bbox 546 4628 684 4710; x_wconf 80' lang='lat' dir='ltr'><strong>posteo.</strong></span> <span class='ocrx_word' id='word_1_322' title='bbox 709 4618 715 4708; x_wconf 96' lang='grc' dir='ltr'>Ι</span> <span class='ocrx_word' id='word_1_323' title='bbox 737 4619 856 4686; x_wconf 86' lang='lat' dir='ltr'><strong>occisus</strong></span> <span class='ocrx_word' id='word_1_324' title='bbox 878 4633 965 4688; x_wconf 88' lang='lat' dir='ltr'><strong>esset.</strong></span> <span class='ocrx_word' id='word_1_325' title='bbox 1026 4631 1105 4686; x_wconf 89' lang='lat' dir='ltr'><strong>esset</strong></span> <span class='ocrx_word' id='word_1_326' title='bbox 1125 4619 1256 4686; x_wconf 85' lang='lat' dir='ltr'><strong>occisus.</strong></span> 
     </span>
    </p>
   </div>
   <div class='ocr_carea' id='block_1_6' title="bbox 0 0 1471 5144">
    <p class='ocr_par' dir='ltr' id='par_1_11' title="bbox 0 0 1471 5144">
     <span class='ocr_line' id='line_1_37' title="bbox 0 0 1471 5144; baseline 0 0"><span class='ocrx_word' id='word_1_327' title='bbox 0 0 1471 5144; x_wconf 95' lang='lat' dir='ltr'><strong> </strong></span> 
     </span>
    </p>
   </div>
  </div>
 </body>
</html>
