2888 5144
592 304 854 376 axsxor'rroxas.
1253 306 1314 369 177

125 498 248 567 headan
271 511 318 564 est
338 500 372 564 in
396 497 464 562 his:
515 497 584 564 «1...
596 497 782 565 ¹Flaminius
802 511 929 564 coactus
948 509 995 563 est
1014 519 1032 561 a
1051 495 1169 588 populo
1181 496 1315 562 transire

125 624 160 688 a
192 622 300 686 neum
332 619 511 708 agnatae
544 640 617 685 suae
653 619 808 686 reustum.
821 644 843 684 »
890 617 940 686 cr.
975 617 1046 684 va.
1081 617 1145 698 rr,
1179 595 1247 705 ἐς
1275 620 1314 694 1,

126 764 187 832 quo
211 741 292 807 duce
316 740 439 806 etiamsi
462 753 572 805 contra
597 740 739 806 codicem
763 742 885 830 corrigo
909 739 1147 806 Flamininus.

170 860 254 929 Sunt
272 861 352 927 haec
371 861 495 925 minora
523 861 573 926 rel
596 862 663 927 sine
687 861 795 926 codice
819 859 1037 938 emendanda,
1063 871 1172 925 contra
1195 860 1317 925 incerta

126 1006 174 1048 res
199 968 389 1071 quibasdam
413 979 572 1046 rideretur
597 981 630 1046 in
655 982 826 1071 scriptore,
851 981 953 1070 qualis
973 992 1019 1045 est
1038 980 1226 1069 epitomator
1244 1000 1318 1044 nos-

127 1116 195 1183 ter,
230 1101 309 1167 ibid.
344 1104 362 1186 §
394 1105 435 1166 4:
463 1098 534 1167 «G.
560 1099 729 1181 Cicereus,
754 1113 791 1167 nt
814 1101 892 1167 vidit
915 1125 948 1167 sc
971 1105 1229 1166 contrariorum
1253 1100 1319 1166 sui·

125 1224 225 1314 hagio
249 1221 401 1312 praeferri
425 1221 589 1312 Scipioni,
614 1221 738 1287 abiecta
762 1221 896 1288 candida
909 1233 982 1312 toga
995 1222 1233 1312 suffragatorem
1252 1221 1319 1288 eius

129 1367 221 1434 agere
262 1343 367 1432 coepit
378 1366 412 1421 ,n
459 1342 520 1407 nisi
562 1341 707 1409 vidissem
738 1340 884 1408 Paridem
919 1342 1040 1408 dedisse
1072 1365 1093 1405 a
1104 1344 1319 1407 comitiorum

129 1465 309 1554 suffragio»
331 1485 389 1552 pro
414 1461 533 1528 Valerii
556 1462 622 1542 lv,
647 1469 666 1528 5
691 1465 708 1548 §
733 1469 753 1528 3
778 1463 956 1528 «omnihus
975 1463 1166 1529 centuriis.»

173 1578 258 1653 Mile
279 1607 297 1649 a
322 1583 433 1649 codice
453 1581 585 1649 discedit
609 1583 711 1649 editor
734 1582 805 1649 Lib.
830 1582 893 1662 IV,
917 1580 997 1673 Gap.
1023 1587 1044 1649 6
1069 1585 1085 1669 i
1111 1587 1132 1647 8
1153 1581 1319 1649 scribendo

131 1707 296 1794 Myniae,
317 1726 392 1768 nam
415 1725 488 1769 vera
511 1703 612 1769 forma
636 1703 785 1791 Minyae
808 1726 873 1769 aon
896 1678 1032 1783 latebat,
1057 1726 1117 1771 nec
1140 1705 1174 1769 in
1193 1702 1319 1769 Valerio

132 1826 195 1906 lv,
220 1830 241 1892 6
266 1825 337 1891 lixt.
359 1827 377 1908 §
401 1828 434 1890 3.

175 1948 335 2015 Numerus
355 1945 552 2035 captivorum
572 1940 881 2034 Carthaginiensium
901 1946 935 2010 in
959 1947 978 2030 §
1006 1950 1021 2010 1
1050 1943 1128 2036 Gap.
1152 1948 1167 2009 1
1196 1944 1267 2011 Lib.
1293 1943 1322 2008 V

132 2092 196 2134 non
223 2067 382 2156 conspirat
413 2075 487 2130 cum
517 2064 643 2131 Valerio
675 2065 725 2146 V,
759 2069 775 2131 1
804 2068 822 2151 §
850 2069 866 2130 1
893 2066 1025 2133 «duum
1048 2054 1173 2131 milium
1196 2079 1227 2133 et
1251 2088 1322 2156 sep-

131 2191 347 2279 tingentorum
367 2184 575 2275 quadraginta
599 2189 753 2265 trireme>
777 2208 887 2252 aerum
911 2186 1002 2253 aliter
1024 2209 1122 2276 quam
1144 2188 1247 2253 Maius
1266 2187 1323 2253 de·

133 2309 199 2375 dit:
228 2331 260 2373 aa
283 2327 477 2386 conectat,
503 2328 577 2370 nam
601 2306 698 2372 codex
719 2306 836 2372 habet:
865 2331 896 2371 co
919 2307 1104 2374 codccxtn.

178 2430 231 2495 Bis
263 2430 296 2494 in
327 2427 439 2495 eodem
470 2425 624 2492 vocabulo
657 2427 762 2515 lapsus
795 2439 842 2492 est
873 2427 992 2506 Maius,
1024 2450 1099 2492 nam
1127 2427 1188 2493 hoc
1212 2428 1325 2494 eodem

136 2549 214 2641 Gap.
243 2551 262 2634 §
289 2552 329 2613 12
355 2548 442 2614 dedit
465 2571 486 2611 r<
489 2552 603 2638 pauci
625 2548 774 2638 temporis
794 2560 957 2614 momento
968 2572 1003 2628 ,n
1027 2548 1083 2613 ubi
1106 2546 1203 2615 codex
1226 2547 1324 2614 habet

128 2673 261 2762 parui,
287 2670 329 2735 cf.
355 2668 427 2734 Val.
454 2669 502 2748 V,
529 2671 545 2732 1
573 2671 590 2753 §
617 2673 659 2747 8,
683 2681 715 2734 et
738 2668 808 2734 Lih.
835 2668 932 2747 VIII,
959 2666 1037 2758 cap.
1060 2673 1080 2734 6
1103 2671 1121 2754 §
1144 2672 1159 2733 1
1182 2691 1323 2759 r<pauco

134 2804 204 2882 post
226 2805 413 2881 tempore‚»
436 2791 558 2855 etiamsi
583 2791 727 2855 Valerius
750 2802 782 2856 et
805 2790 886 2856 liher
909 2814 967 2856 ms.
987 2813 1103 2881 parco
1126 2789 1287 2855 exhibent.

177 2912 331 3002 Sequitur
362 2911 430 2977 lere
460 2911 613 2977 mendum
643 2912 718 3002 Cap.
745 2918 765 2977 3
789 2915 807 2998 §
833 2915 874 2990 2,
899 2910 956 2976 ubi
978 2911 1172 2976 acutissimos
1195 2910 1324 2977 editoris

135 3035 241 3103 oculos
265 3032 358 3098 elusit
383 3032 498 3098 codicis
522 3034 677 3122 scriptura
700 3033 822 3099 etiamsi
841 3032 931 3098 ualde
942 3032 1128 3123 perspicua,
1153 3054 1217 3096 non
1237 3027 1325 3096 enim¹

134 3167 251 3222 exstat:
278 3152 465 3219 «Camillus
489 3154 531 3217 ab
556 3151 690 3242 Apuleio
714 3165 754 3218 tr.
780 3152 826 3242 pl.
847 3163 1056 3231 accusatus,»
1082 3174 1188 3217 rerum
1212 3154 1275 3216 a-l·
1291 3153 1324 3218 id

136 3288 180 3342 cst
216 3298 239 3339 a
275 3275 383 3340 Lucio
418 3272 568 3364 Apuleio,
607 3272 677 3339 ride
712 3271 797 3337 idem
827 3295 1021 3361 praenomen
1051 3273 1210 3361 integrum
1242 3273 1326 3363 apud

138 3395 303 3462 Valerium
328 3394 376 3473 V,
402 3399 422 3460 3
448 3397 465 3480 §
491 3397 524 3458 2.

180 3515 302 3581 Paridis
326 3514 440 3592 codex,
466 3526 619 3603 utsupra
643 3513 706 3578 iam
729 3513 859 3591 monui,
885 3536 903 3576 a
927 3513 1065 3579 secunda
1088 3515 1241 3578 mannito
1254 3536 1327 3578 cor·

139 3649 242 3703 rectus
272 3647 338 3714 est,
371 3647 407 3700 ut
439 3634 581 3724 singulae
609 3634 675 3699 iere
709 3632 899 3724 paragraphi
934 3634 992 3699 rite
1023 3634 1208 3700 emendatae
1239 3657 1325 3700 nunc

137 3757 200 3847 legi
227 3757 366 3848 possint,
400 3756 454 3822 sed
485 3755 626 3846 exceptio
657 3777 721 3821 non
752 3755 857 3834 deest,
891 3777 965 3820 nam
997 3756 1080 3822 male
1109 3755 1209 3821 eiusd.
1244 3753 1323 3847 Gap.

140 3880 158 3962 §
194 3881 214 3944 7
253 3876 386 3943 correxit
420 3899 567 3967 praesens
597 3888 742 3967 tempus,
775 3874 831 3941 uhi
860 3876 981 3966 primae
1011 3899 1123 3942 manus
1154 3877 1327 3965 requiritur

139 3998 331 4088 perfectum:
371 3996 504 4063 «Ahala
534 4011 604 4089 post
635 3997 689 4088 Sp.
722 3997 829 4062 Maelii
851 4009 1007 4074 mortem,
1033 4020 1129 4086 quem
1152 3999 1218 4087 ipse
1241 4000 1326 4064 occi·

139 4117 227 4186 derat
261 4141 395 4207 regnum
430 4118 661 4197 adfectantem,
697 4117 852 4183 custodita
886 4117 1032 4184 libertate
1064 4118 1200 4197 civium,
1234 4110 1350 4186 exilio
1386 4176 1389 4182 .

139 4262 193 4306 suo
227 4260 345 4330 poenas
372 4238 545 4329 pependit
557 4263 591 4317 ,>›
626 4239 667 4304 ci.
706 4236 810 4305 Valcr.
849 4239 896 4317 V,
934 4244 954 4304 3
986 4241 1004 4324 §
1037 4241 1076 4317 2,
1108 4239 1193 4327 quod
1225 4241 1327 4307 Maius

143 4385 288 4452 spernere
311 4384 376 4426 non
400 4361 563 4427 debuerat.

186 4480 305 4550 Contra
341 4481 484 4547 codicem
519 4479 660 4546 exhihuit
695 4479 892 4546 doctissimus
926 4480 1027 4546 editor
1060 4479 1134 4571 Gap.
1173 4487 1191 4547 4
1229 4486 1246 4567 §
1283 4489 1324 4550 3:

143 4603 210 4672 «L.
248 4603 368 4670 Manlio
406 4604 565 4693 Torquato
592 4602 683 4670 diem
719 4601 757 4666 ad
791 4602 947 4692 populum
981 4602 1173 4692 Pomponius
1207 4615 1247 4670 tr.
1282 4605 1330 4694 pl.·'

1052 4725 1087 4774 20
