2888 5144
138 318 200 381 182
608 333 719 380 roaros
742 333 849 380 ranis.

132 500 228 566 fidiae
257 501 401 591 exemplo
433 505 453 566 2
486 500 563 592 (lap.
598 506 636 566 6:
682 525 704 566 «
716 501 776 569 Gn.
809 502 965 567 Domitius
987 503 1085 566 iratus
1109 502 1230 568 Bituito
1255 504 1319 591 regi

133 621 365 701 Arsamorum,
393 646 451 712 per
473 623 635 712 conloquii
658 624 891 689 simulationem
914 624 1097 689 arcessitum
1119 623 1318 712 hospitioque

131 753 297 831 exceptum
320 743 417 809 vinxit
442 765 478 809 ac
502 742 634 809 Romam
664 745 777 832 [nare]
805 744 1036 835 deportandum
1057 745 1216 809 curarit.»
1253 744 1318 810 Nec

130 862 227 928 fidem
257 863 412 952 praestitit
439 862 541 929 editor
562 867 606 930 se'
621 887 730 931 omnes
750 866 824 930 istas
847 864 1104 954 interpolationes
1127 864 1317 954 praemissu·

130 1006 201 1048 rum
230 983 408 1073 pollicitus,
439 1007 514 1073 pag.
548 988 613 1063 80,
650 985 735 1073 quod
758 983 833 1075 Gap.
860 990 878 1051 7
904 983 928 1073 ἕ
954 991 974 1050 3
998 987 1152 1074 receperit
1176 985 1317 1074 interpo-

129 1105 255 1170 latoris:
293 1128 315 1169 «
325 1105 547 1195 Sempronium
572 1105 764 1172 Asellionem
788 1105 973 1185 creditores,
1000 1105 1084 1196 quod
1108 1128 1238 1171 causam
1263 1105 1317 1171 de·

129 1227 268 1291 bitorum
292 1239 489 1316 susceperat,
520 1248 579 1315 pro
603 1224 685 1292 aede.
704 1224 899 1293 Concordiae
923 1227 1153 1291 sacrificantem
1182 1226 1239 1313 [ab
1264 1231 1317 1317 ip·

130 1351 183 1411 sis
213 1350 292 1411 aris
314 1347 445 1436 fugere
475 1348 662 1431 cooetum],
687 1348 721 1411 in
744 1346 911 1412 tabernula
936 1370 1031 1436 quam
1053 1348 1188 1436 petierat
1217 1347 1316 1434 [tott-

130 1469 298 1556 torstem],
323 1468 594 1558 discerpserunt.»
640 1467 747 1532 Prima
769 1491 882 1533 manus
904 1491 961 1558 pro
984 1469 1050 1534 istis
1075 1469 1196 1534 Valerii
1218 1469 1316 1556 scrip-

129 1601 210 1654 serat
233 1613 333 1654 unum
357 1590 476 1655 Paridis
487 1589 620 1655 verbum
635 1588 730 1678 fugo
742 1638 751 1668 ,
775 1612 835 1655 nec
854 1588 983 1655 dederat
1002 1590 1226 1679 participium,
1253 1610 1314 1677 quo

128 1732 234 1775 carere
260 1733 425 1800 possumus
455 1712 488 1777 in
520 1712 669 1800 epitoma.
719 1711 816 1776 Recte
847 1711 976 1775 omnino
1008 1711 1109 1775 Maius
1140 1709 1315 1799 spernenda

127 1831 338 1898 contendebat
368 1832 586 1921 supplementa
616 1832 705 1896 istius
727 1831 883 1908 hominis,
909 1831 965 1919 qui
986 1831 1070 1896 male
1093 1830 1194 1896 seduli
1218 1831 1315 1896 inter·

126 1952 276 2041 polatoris
309 1974 442 2018 munere
476 1951 552 2017 dum
581 1950 791 2039 fungebatur,
816 1951 855 2015 ad
880 1949 903 2039 S
929 1955 949 2016 6
975 1949 1053 2040 Gap.
1085 1956 1103 2016 7
1130 1951 1311 2040 adscripsit:

129 2084 348 2160 «tantumque
383 2072 483 2137 scelus
518 2072 606 2136 curia
639 2073 746 2136 castris
781 2094 814 2136 se
848 2071 960 2137 cedere
990 2072 1150 2151 confessa,
1176 2072 1312 2138 inultum

127 2191 287 2274 habuit3»
312 2205 344 2258 at
368 2205 441 2257 sunt
464 2193 522 2257 ista
546 2215 583 2257 ex
606 2191 808 2281 praecedenti
832 2194 849 2277 §
870 2191 989 2257 Valerii
1007 2193 1029 2256 i.
1054 2216 1082 2258 e.
1103 2193 1168 2271 IX,
1190 2196 1209 2257 7
1236 2191 1261 2280 S
1280 2195 1310 2256 2.

130 2314 171 2379 At
195 2338 258 2380 non
284 2316 423 2381 constitit
445 2313 504 2379 sibi
527 2314 560 2379 in
583 2326 703 2379 textum
725 2314 879 2403 recipiens
900 2314 1038 2379 eiusdem
1064 2312 1312 2378 additamentum

127 2436 161 2500 in
195 2435 269 2526 Cap.
310 2439 348 2501 11
386 2433 409 2524 S
447 2440 487 2499 2:
537 2434 599 2500 «C.
634 2435 773 2500 Fimbria
804 2435 1013 2523 interrogatus
1037 2434 1121 2523 quod
1145 2432 1313 2499 Scaevolae

129 2557 248 2622 crimen
272 2556 452 2622 obiecturus
475 2568 555 2622 esset
577 2557 761 2635 innocenti,
791 2556 863 2643 [cui
874 2579 945 2646 pro
970 2558 1162 2619 securitate
1184 2577 1311 2619 morum

127 2677 236 2766 digna
258 2682 351 2741 satis
371 2677 533 2741 laudatio
557 2676 662 2740 reddi
684 2699 751 2740 nora
768 2678 929 2766 possetl,
954 2673 1016 2739 hoc
1039 2675 1162 2762 ipsum,
1186 2674 1309 2763 iuquit,

102 2798 213 2895 ¹quod
247 2799 371 2887 parcius
406 2820 535 2886 corpore
570 2797 670 2862 telum
693 2797 853 2884 recepit;>›
885 2794 1093 2860 abbreviatori
1124 2795 1222 2860 otiosa
1254 2795 1311 2859 ista

30 2979 33 2985 .
127 2918 334 2998 videbantur,
359 2919 411 2984 cui
432 2917 532 2982 nolite
556 2939 593 2982 ea
616 2917 796 2982 obtrudere.

171 3039 338 3105 Certarunt
369 3036 502 3103 editores
534 3016 793 3103 conscenderitne
824 3038 857 3101 in
881 3037 1085 3102 Maeuianum
1109 3036 1143 3102 C.
1170 3036 1309 3102 Licinius

126 3159 234 3226 Macer
251 3156 498 3248 repetundarum
521 3179 611 3235 reus,
636 3157 745 3222 «dum
769 3159 943 3223 sententiae
967 3158 1250 3236 diribererztur,>›
1275 3170 1310 3222 ut

126 3270 362 3346 rescribendum
386 3279 450 3342 iam
474 3279 550 3343 olim
573 3280 730 3345 iusserunt
753 3279 836 3369 apud
861 3280 967 3345 Valer.
993 3278 1038 3345 IX
1050 3328 1058 3358 ,
1088 3282 1127 3343 12
1154 3276 1178 3366 §
1204 3282 1246 3358 7,
1272 3301 1310 3342 an

128 3401 346 3479 dicerentur,
380 3412 414 3464 ut
445 3400 499 3465 alii
529 3399 651 3466 codices
683 3400 802 3466 hebent
834 3414 865 3466 et
896 3399 1015 3465 Paridis
1038 3397 1175 3464 secunda
1199 3421 1311 3464 manus

127 3520 203 3610 Gap.
238 3525 278 3584 12
311 3523 327 3609 l
361 3525 392 3586 7.
443 3521 489 3585 Ilr
518 3520 677 3586 Wunderi
710 3533 857 3587 accurata
883 3520 1094 3610 disputatione
1117 3518 1253 3608 prodiit,
1278 3519 1310 3584 ni

125 3641 238 3721 fallor,
272 3665 343 3707 rera
362 3641 554 3706 deridendi
584 3642 788 3730 significatio,
821 3643 942 3731 saepius
966 3663 1039 3706 cum
1062 3639 1203 3705 tabellas.
1219 3640 1309 3704 diri·

125 3763 242 3827 mendi
275 3765 403 3828 notione
437 3774 630 3852 permutata;
666 3775 752 3828 recte
787 3763 950 3852 Kempfius
985 3783 1092 3827 reram
1122 3761 1309 3850 scripturam

123 3883 266 3948 exhibuit
299 3907 336 3949 cx
371 3882 478 3949 codice
511 3882 549 3949 A.
583 3883 843 3961 dirioerentur,
872 3905 932 3949 neo
946 3929 950 3939 ·
964 3894 1010 3948 est
1042 3905 1099 3947 cur
1132 3882 1215 3947 lulio
1246 3905 1308 3949 non

125 4003 258 4069 eandem
277 4002 561 4081 reddemus,'nam
584 4017 741 4070 corrector
759 4007 803 4070 ita
825 4005 959 4069 mutavit
983 4003 1249 4082 di...cerentor,
1275 4015 1309 4068 ut

124 4124 245 4215 primae
271 4147 382 4189 manus
414 4137 600 4214 agnoscatur
623 4125 877 4190 diriuererztur.
929 4124 1117 4213 Exemplum
1142 4147 1205 4212 quo
1232 4146 1307 4189 serr·

80 4304 85 4319 ,
125 4249 258 4309 tentiae
279 4244 408 4310 diriberi
430 4245 581 4311 dicuutur
601 4268 658 4334 pro
681 4245 824 4326 tabellis,
848 4246 1016 4335 analogum
1039 4257 1085 4310 est
1098 4243 1182 4334 apud
1194 4245 1305 4329 lustin.

126 4365 229 4432 XXII.
261 4372 298 4432 3:
330 4367 548 4444 «sententias,
580 4367 765 4455 priusquam
790 4368 1012 4446 recitarentur,
1038 4369 1072 4431 in
1095 4388 1209 4430 urnam
1232 4387 1306 4430 oon·

124 4488 220 4553 iactas
251 4487 409 4577 obsignari
439 4489 637 4568 iusserunt3»
659 4510 720 4554 nec
744 4488 846 4554 obstat
870 4487 1058 4553 Plutarchus
1078 4486 1117 4550 de
1140 4485 1251 4552 eadem
1275 4507 1305 4548 re

124 4608 261 4675 scribens
288 4609 342 4675 rit.
369 4605 469 4675 Cicer.
495 4612 515 4674 9
539 4609 593 4682 τὴν
618 4615 725 4693 ψῆφον
747 4616 805 4677 τῶν
830 4615 933 4691 κριτῶν
956 4607 1167 4691 διαφερόντων.
1218 4606 1304 4672 Atta-
