2888 5144
373 333 437 380 mu.
464 317 490 381 l.
519 318 624 400 §35,
651 320 705 392 41,
732 320 794 392 52,
821 319 884 394 54,
909 318 971 391 60,
998 317 1053 379 62.
1261 318 1303 379 39

119 515 184 573 tur.
233 499 365 569 Accedit
398 504 617 592 gravissimum
646 504 681 569 ni
704 502 813 580 fallor,
838 514 1077 591 argumentum,
1103 502 1188 590 quod
1211 525 1306 569 causa

118 646 234 713 nempe
262 621 350 689 adest
378 644 459 711 quae
490 624 619 689 vitiosae
650 623 829 713 repetitioni
860 645 968 689 ansam
992 622 1132 703 dederit,
1157 624 1305 714 paginam

117 755 255 810 verterat
277 743 442 823 librarius3
469 743 545 810 hino
563 743 636 810 illae
656 743 824 821 lacrimae,
847 743 887 808 ci.
912 743 945 807 ll
969 745 987 827 §
1012 746 1053 822 2,
1080 747 1133 809 58.

165 982 297 1051 XXXV.
325 989 342 1071 ς
367 987 422 1050 st.
468 982 514 1050 In
537 987 658 1074 primo
689 992 803 1048 antem
830 1004 977 1072 genere,
1009 982 1112 1071 quod.
1155 982 1207 1049 Sic
1231 1005 1306 1073 sup-

117 1103 207 1194 plent
248 1102 410 1184 lacunam3
457 1103 559 1171 Maius
602 1117 809 1194 proposuerat
843 1104 876 1168 in
911 1104 1055 1193 principe
1095 1103 1233 1172 editione
1269 1109 1307 1169 in

111 1229 232 1316 primo
275 1246 401 1314 genere
444 1234 558 1290 temen
603 1225 712 1312 quod,
760 1247 842 1314 quae
881 1224 976 1291 rerba
1014 1248 1079 1292 non
1114 1227 1307 1293 conveniunt

117 1368 193 1413 cum
211 1344 347 1411 duorum
371 1367 519 1412 versuum
541 1345 658 1435 spatio:
691 1344 737 1410 In
753 1349 873 1436 primo
894 1367 1020 1436 genere
1040 1343 1047 1436 ξ
1067 1354 1183 1411 tamen
1200 1347 1303 1436 quod.

118 1464 160 1533 tt
193 1465 297 1533 editor
329 1478 438 1556 postea
465 1467 527 1533 hoc
566 1466 685 1533 voluit:
722 1464 768 1530 In
792 1469 912 1556 primo
944 1489 991 1530 au
1010 1463 1017 1556 Ι
1038 1475 1104 1532 lem
1135 1467 1242 1555 qnod,
1274 1480 1307 1534 et

116 1587 283 1676 vestigium
313 1587 437 1656 litterae
469 1607 488 1654 r
518 1588 552 1652 in
585 1586 696 1653 ultimo
727 1586 870 1677 pagellae
890 1609 982 1654 rersu
1004 1600 1125 1655 exstare
1146 1589 1306 1678 significa·

117 1708 182 1786 rit,
221 1730 329 1774 rerum
364 1721 484 1798 septem
514 1707 693 1774 litterarum
717 1708 855 1797 spatium
877 1706 1010 1773 solemni
1033 1709 1138 1774 minus
1157 1721 1221 1787 est,
1246 1731 1306 1775 nec

115 1827 234 1895 lineola
256 1830 316 1895 ista
339 1829 438 1895 solam
460 1829 599 1895 litteram
620 1849 638 1894 r
662 1828 708 1894 ibi
730 1841 889 1895 exaratam
914 1853 980 1895 esse
1004 1829 1135 1896 iudicat.
1251 1847 1255 1851 ’

152 2068 346 2138 XXXVIII.
373 2073 392 2156 §
415 2072 471 2135 60.
504 2068 557 2135 Et
580 2068 675 2134 illud
696 2066 815 2148 vides,
840 2073 879 2133 in
902 2072 1033 2136 animis
1055 2071 1228 2136 lcominnm
1251 2094 1307 2138 re·

115 2191 198 2279 gale
218 2193 257 2255 si
280 2192 464 2280 imperium
488 2192 550 2256 sit.
599 2190 691 2255 Viros
714 2189 823 2256 doctos
842 2189 882 2256 de
901 2191 1039 2279 genuina
1058 2192 1194 2258 lectione
1212 2191 1307 2258 dubi·

118 2323 223 2379 tentes
242 2310 378 2377 monitos
402 2310 499 2377 uelim
522 2309 663 2378 codicem
686 2310 805 2377 habere
828 2310 945 2376 aridesi
968 2316 1005 2377 in
1028 2324 1060 2378 et
1076 2315 1220 2402 regales
1244 2317 1307 2378 im·

28 2504 31 2509 ,
112 2435 274 2523 perium,
299 2454 364 2497 non
387 2428 503 2495 videet
526 2433 564 2494 in
587 2442 619 2495 et
638 2430 754 2520 regule
771 2434 806 2495 si
824 2433 1008 2521 imperium
1019 2480 1028 2510 ‚
1054 2443 1090 2496 ut
1102 2431 1179 2498 dixit
1190 2434 1304 2501 Maius.

164 2672 233 2739 XL.
261 2674 280 2756 §
303 2675 360 2738 62.
410 2671 463 2738 De
486 2693 552 2759 quo
568 2670 823 2763 progrediente
846 2674 1005 2736 oratione
1023 2672 1134 2737 multe
1157 2695 1209 2737 me
1232 2670 1306 2738 dic-

119 2804 235 2862 tnrnm
252 2804 353 2885 pcto.
402 2793 463 2859 Pro
487 2795 597 2858 multu
619 2794 722 2884 prima
744 2815 857 2859 manus
878 2792 1008 2859 dederat
1029 2797 1125 2872 vita,
1144 2793 1197 2858 cui
1217 2793 1307 2882 quid·

119 2940 195 2982 nam
227 2914 474 3005 suprascriptum
504 2912 619 2992 fuerit,
653 2912 748 2993 latet,
773 2937 847 2979 nam
870 2927 995 3005 praeter
1016 2914 1115 2980 lineas
1138 2913 1253 3002 quibus
1277 2918 1309 2980 it

118 3036 304 3114 deleantur,
343 3034 470 3099 nonnisi
507 3032 626 3099 litteras
659 3043 792 3100 ..turc
822 3034 914 3100 licuit
945 3036 980 3100 in
1011 3035 1116 3102 lucem
1150 3058 1307 3103 revocare.

118 3157 222 3229 liuius
240 3156 343 3246 primo
363 3155 483 3244 legerat
503 3162 672 3233 ventura,
690 3166 759 3220 tum
771 3154 921 3241 futtern·
943 3154 1004 3222 sed
1017 3156 1146 3222 omnino
1163 3169 1305 3237 nonest,

119 3262 178 3345 cur
207 3275 354 3345 Osaunus
389 3276 472 3342 Maio
503 3276 678 3355 irascatur,
699 3298 765 3348 uon
787 3275 908 3341 facturn
930 3288 978 3342 est
1001 3276 1116 3342 «illius
1140 3277 1234 3368 culpa
1256 3279 1308 3343 iu·

118 3398 263 3467 credibili
273 3421 308 3476 ,n
331 3409 367 3467 ut
390 3395 533 3465 nondum
555 3396 676 3485 liqueat
688 3445 697 3476 ,
724 3397 800 3485 quid
820 3420 854 3463 re
877 3416 950 3464 rera
970 3396 1214 3479 codeuhabeat,
1239 3422 1307 3467 rem

117 3520 322 3611 palimpsesto
353 3517 487 3597 tribuam
520 3517 611 3606 atqui
633 3539 698 3582 non
722 3530 789 3583 erat
813 3541 871 3584 cur
890 3517 955 3584 -hoc
978 3518 1089 3585 saltem
1112 3520 1182 3586 loco
1206 3519 1306 3587 Hein-

117 3641 219 3709 richio
242 3663 360 3731 poenas
377 3638 499 3706 dedisse
511 3638 613 3704 Maius
625 3637 792 3704 diceretur.
828 3638 911 3706 Nolo
930 3660 1075 3729 promere
1096 3639 1206 3707 (lebeti
1218 3663 1245 3707 r.
1261 3641 1303 3710 cl.

120 3763 360 3841 coniecturam,
383 3784 442 3851 pro
467 3779 568 3829 ,uuus
591 3760 723 3850 legentis
748 3779 878 3839 ruunt,
900 3762 1028 3850 vestigia
1049 3763 1222 3852 scripturae
1234 3785 1305 3828 cor·

118 3883 248 3951 rectoris
272 3903 337 3947 non
360 3881 509 3959 obstant,
535 3881 624 3969 atqui
644 3881 688 3947 sic
711 3882 895 3947 restituatur
918 3881 1014 3947 Tullii
1036 3903 1160 3948 manus.

123 4160 125 4162 ·
163 4123 247 4191 Ibid.
300 4123 384 4191 Tum
416 4126 564 4188 secessio
590 4123 728 4213 plebis,
765 4131 836 4189 tum
864 4146 1019 4215 prorsus
1045 4126 1100 4187 ita
1124 4131 1206 4188 actu
1222 4127 1270 4214 pl
1288 4163 1303 4177 ·

118 4266 248 4333 caque,
281 4251 321 4308 nt
348 4247 387 4308 in
411 4244 544 4333 popule
567 4252 683 4308 essent
706 4247 833 4309 omnin.
883 4245 979 4310 Favet
1003 4243 1118 4310 Moseri
1139 4245 1304 4312 coniectu·

119 4387 172 4431 ree
204 4369 417 4431 recensiones
447 4363 600 4453 legentis,
633 4363 719 4453 quod
742 4365 891 4452 equidem
914 4365 1013 4431 solam
1036 4366 1174 4432 litteram
1196 4389 1229 4430 m
1253 4390 1303 4433 er·

118 4497 271 4575 punctam
305 4483 437 4553 viderim
471 4485 505 4550 in
540 4487 783 4563 secessionem,
819 4487 872 4552 cui
901 4486 982 4552 forte
1013 4509 1031 4551 s
1060 4487 1303 4578 suprascriptam

121 4603 314 4694 Augustinus
362 4605 543 4684 abscondit,
581 4603 848 4694 quemadmodum
884 4606 942 4672 sub
972 4607 1052 4673 an
1086 4607 1170 4673 illius
1204 4607 1300 4688 latet,
