2888 5144
578 314 679 360 ,teras
704 312 844 360 coniers.
1255 296 1293 355 21

110 510 214 578 neque
244 482 387 551 Osannus
415 505 520 572 neque
544 485 712 573 quisquam
737 485 769 548 in
793 483 881 569 libris
905 483 1124 570 manuscriptis
1149 482 1297 572 aliquan-

109 609 207 697 tisper
233 618 391 683 versatus,
423 601 531 668 hercle
561 603 641 701 mihi
672 604 731 669 crit
761 602 935 683 docendus;
962 603 1164 669 consentiunt
1188 624 1298 668 omnes

109 729 142 793 in
165 728 255 794 istius
279 725 414 792 nationis
438 722 620 813 stupiditate
634 736 666 789 et
686 722 770 812 quod
790 724 879 813 peius
899 736 946 790 est
961 725 1189 802 inconstantia,
1212 722 1298 789 unde

109 860 244 938 quantas
267 845 375 912 turbas
398 845 431 910 in
443 844 513 910 loco
537 843 576 910 de
599 844 825 934 orthographia
849 846 1033 924 excitarint,
1054 845 1191 934 optimus
1215 843 1298 932 quis·

109 993 171 1059 que
202 967 300 1034 coder
324 967 538 1044 demonstret,
563 977 594 1030 et
619 965 757 1031 Tulliani
780 967 882 1054 operis
906 965 1032 1031 collatio
1056 989 1143 1031 nunc
1167 964 1296 1032 demum

108 1091 231 1178 integra
267 1110 358 1177 spero
391 1086 458 1151 fore
493 1098 528 1151 ut
562 1085 697 1150 evincat.
743 1083 899 1163 decedit,
936 1085 1021 1173 quod
1053 1083 1199 1152 Osannus
1223 1108 1298 1151 suae

109 1208 252 1300 opinioni
285 1206 450 1272 indulsisse
485 1205 628 1285 videtur,
665 1205 805 1272 scribens
839 1204 1098 1295 orthographiam
1140 1220 1240 1273 totam
1280 1229 1297 1271 a

109 1329 227 1397 saeculi
250 1326 477 1394 consuetudine
501 1327 640 1417 pendere
652 1377 660 1407 ‚
691 1325 838 1392 dirimere
861 1327 947 1391 enim
970 1349 1035 1391 non
1058 1329 1174 1417 poteris
1198 1350 1299 1416 quae·

109 1474 184 1517 nam
214 1448 341 1515 saeculo
369 1447 536 1514 tribuenda
567 1449 650 1527 sint,
675 1470 832 1536 quaenam
856 1446 965 1512 sedulo
988 1446 1167 1513 describens
1191 1471 1297 1514 exem-

109 1572 199 1662 plum
220 1571 362 1636 imitatus
389 1593 482 1635 suum
502 1569 648 1635 librarius
670 1570 855 1658 antiquioris
879 1592 953 1634 usus
973 1570 1139 1636 seruaverit
1151 1569 1294 1658 vestigia3

110 1693 274 1780 utriusque
297 1692 344 1757 rei
367 1702 553 1780 argumenta
576 1689 636 1755 sibi
656 1689 781 1756 ridetur
799 1691 955 1757 invenisse
975 1688 1120 1757 Osannus
1139 1693 1172 1757 in
1185 1690 1297 1757 eodem

109 1826 215 1878 nostro
245 1812 374 1891 codice,
406 1825 438 1878 et
469 1813 502 1877 in
526 1811 615 1877 nullo
639 1834 704 1876 non
727 1812 886 1890 inveniet,
912 1813 1034 1902 opinor.
1084 1812 1150 1878 «At
1174 1813 1296 1891 Maius,

110 1935 154 1999 sic
188 1933 292 2023 pergit
326 1932 400 2011 ille,
437 1933 491 2020 qui
528 1931 627 1999 solam
660 1931 937 2022 palaeographiam
968 1934 1122 2024 respexit,
1154 1936 1298 2025 exemplo

110 2077 166 2120 suo
198 2054 336 2120 ostendit
368 2076 464 2143 quam
488 2076 621 2143 parum,
648 2054 703 2142 qui
725 2052 787 2118 hac
811 2076 875 2118 nna
899 2055 948 2118 via
971 2055 1117 2135 incedat,
1141 2058 1297 2144 proficere

111 2187 245 2266 queat.»
292 2173 499 2240 Verissimum
536 2173 621 2252 hoe,
654 2173 707 2240 sed
730 2174 871 2239 constitit
895 2173 996 2240 Maius
1020 2177 1053 2240 in
1078 2176 1297 2266 magnitudine

110 2296 288 2361 litterarum
326 2317 500 2383 earumque
529 2293 768 2384 pulchritudine
795 2293 974 2374 laudanda,
1004 2319 1069 2361 non
1100 2298 1298 2388 investigarit

110 2416 245 2482 formam
267 2437 326 2479 nec
350 2426 454 2480 cetera
477 2413 614 2492 indicia,
640 2437 721 2502 quac
745 2427 855 2503 sponte
875 2437 907 2480 se
927 2415 1095 2480 offerunt*
1111 2416 1299 2484 Accusatius

111 2535 149 2602 ad
179 2536 353 2625 scripturae
381 2558 480 2625 genus
511 2533 645 2600 attendit
676 2532 839 2612 Osannus,
873 2557 937 2622 quo
959 2548 1045 2600 certo
1069 2535 1151 2603 duce
1175 2540 1238 2604 iam
1260 2563 1298 2606 eo

110 2656 253 2748 pervenit
287 2668 319 2722 et
353 2668 438 2722 recte
473 2656 620 2735 omnino,
656 2667 692 2720 ut
727 2653 876 2720 Sallustio
911 2654 1065 2721 Vaticano
1100 2670 1132 2722 et
1155 2659 1297 2727 Mcdiceo

111 2777 244 2868 Virgilio
273 2789 417 2843 nostrum
445 2776 586 2844 codicem
610 2778 817 2843 recentiorem
842 2801 908 2844 esse
930 2779 1089 2867 posuerit,
1114 2783 1298 2870 praesertim

110 2911 240 2990 propter
261 2898 384 2964 litterae
408 2917 430 2964 n
454 2898 588 2963 formam
612 2898 815 2988 angularem,
847 2900 899 2964 cui
923 2899 1088 2965 rotundior
1110 2904 1227 2969 novitia
1251 2915 1299 2972 est

109 3023 143 3087 in
168 3019 314 3088 Tulliano
336 3019 436 3099 libro,
461 3020 557 3085 etiarn
580 3020 679 3109 magis
703 3033 831 3086 curvata
854 3021 887 3085 in
912 3020 1047 3110 Digestis
1059 3022 1189 3090 Pisanis.
1217 3026 1298 3092 Tum

110 3142 251 3209 subsistit
274 3142 308 3206 in
331 3141 402 3205 loco
425 3141 464 3206 de
489 3140 683 3230 compendiis
702 3142 779 3206 etin
791 3140 889 3208 altero
902 3142 957 3207 illo
969 3140 1009 3208 de
1021 3143 1296 3233 interpunctione,

110 3277 247 3353 utroque
275 3260 446 3326 admodum
474 3261 616 3342 lubrico,
647 3286 728 3352 quae
760 3262 891 3328 indubia
914 3276 1093 3354 temporum
1117 3264 1299 3333 discrimina

110 3397 251 3451 aetatum
278 3395 368 3448 notas
400 3405 464 3447 non
494 3382 641 3472 prodant.
690 3385 747 3449 His
776 3384 885 3474 itaque
913 3409 978 3450 non
1006 3398 1172 3468 contentus
1197 3388 1299 3455 codici

110 3506 218 3572 locum
242 3505 399 3593 assignare
423 3527 460 3569 ea
484 3527 611 3593 quoque
634 3503 674 3569 de
698 3527 792 3569 causa
815 3505 960 3585 dubitat,
983 3506 1067 3595 quod
1091 3531 1185 3573 nemo
1208 3511 1298 3576 nobis

109 3637 263 3717 praestet,
289 3626 453 3714 antiquam
477 3624 634 3690 scribendi
657 3626 812 3692 rationem
831 3626 996 3692 librarium
1021 3628 1127 3717 aliqua
1151 3629 1190 3695 de
1204 3654 1298 3696 causa

109 3770 175 3813 non
205 3769 272 3813 esse
303 3746 473 3811 imitatum.
524 3744 565 3810 lt
595 3745 702 3810 locum
734 3745 856 3812 obtinet
886 3746 939 3812 ille
971 3770 1037 3812 mos
1070 3749 1102 3813 in
1134 3748 1298 3840 Scriptura

110 3866 208 3935 Sacra
237 3867 422 3956 praesertim
450 3866 560 3931 autin
585 3863 710 3931 Sanctis
734 3867 879 3932 Patribus
901 3866 1113 3934 describendis
1137 3872 1169 3935 in
1193 3887 1298 3942 certae

110 3986 279 4054 cuiusdam
298 3986 449 4053 ecclesiae
474 3999 527 4051 aut
550 3987 700 4076 principis
720 4010 833 4066 usum,
858 4011 983 4054 necnon
1006 3990 1039 4054 in
1057 3990 1093 4054 iis
1114 3991 1295 4078 codicibus,

111 4109 168 4199 qui
189 4109 321 4199 picturis
344 4107 447 4173 ornati
470 4107 622 4172 maiorem
647 4129 757 4173 curam
789 4122 819 4174 et
849 4109 1030 4198 peritiorem
1052 4110 1217 4179 librarium
1238 4118 1298 4184 sibi

110 4228 305 4321 postulantes
323 4228 361 4293 ad
380 4228 554 4318 perfectam
572 4228 758 4316 antiquioris
777 4229 949 4316 scripturae
966 4230 1136 4319 imaginem
1151 4237 1298 4304 conficie-

109 4349 247 4428 bantur,
280 4362 316 4416 ut
346 4348 469 4415 codices
498 4347 537 4413 de
560 4371 594 4414 re
616 4347 759 4428 medica,
784 4348 945 4415 herbarios
968 4349 1056 4430 dico,
1082 4354 1158 4420 alios
1183 4359 1298 4447 quibus

111 4469 260 4559 equidem
291 4470 447 4560 subiungo
480 4492 517 4534 er
549 4467 747 4534 Bibliotheca
770 4469 873 4559 Lugd.
900 4470 969 4536 Bat.
995 4472 1182 4541 Vossianum
1205 4479 1296 4546 illum

112 4592 145 4656 in
176 4593 211 4679 q⁰
241 4597 301 4671 79,
336 4594 390 4682 qui
423 4592 537 4657 Aratea
561 4591 715 4670 continet;
743 4591 795 4658 sed
820 4615 883 4659 non
909 4592 991 4659 cadit
1015 4594 1075 4661 hoo
1099 4597 1131 4661 in
1156 4613 1298 4666 nostrum
