2888 5144
537 342 707 391 accaronis
731 341 904 391 tralatas.
1253 327 1313 390 197

126 512 237 579 anulos
320 511 389 600 (V)
427 535 536 579 aureos
613 519 630 600 §
668 517 703 578 4-
722 513 885 578 victoriam
967 511 1037 602 (V.)
1074 533 1147 576 cum
1180 513 1315 578 seniores

127 658 235 701 omnes
259 634 392 698 letantes
416 645 629 700 occurrerent.
701 637 760 721 §7
786 633 915 698 subacta
984 631 1077 697 Add.
1105 636 1136 696 2.
1167 629 1173 720 Ι
1202 635 1312 699 vetuit.

128 755 195 843 (V.)
230 752 308 820 Silla
341 753 417 818 dum
448 755 493 819 ire
526 753 722 842 obtemperat
753 753 854 817 multo
882 752 984 817 alieno
1008 753 1160 841 sanguine
1182 753 1251 817 fuso
1276 753 1315 817 ad

127 876 278 940 ultimum
313 887 345 940 et
381 897 472 939 suum
508 876 665 964 erogarit,
697 874 832 964 puteolis
855 875 940 939 enim
965 872 1076 939 ardens
1099 872 1317 962 indignatione

128 994 212 1084 quod
236 996 363 1082 granius
386 995 532 1085 princeps
557 996 622 1060 eins
647 994 788 1061 coloniae
807 995 977 1083 pecuniam
998 1018 1015 1058 a
1035 993 1257 1060 decurionibus
1276 992 1316 1057 ad

126 1115 332 1180 refectionem
363 1115 503 1204 capitolii
524 1115 711 1205 promissam
735 1117 935 1180 cunctantius
958 1114 1066 1194 daret,
1092 1114 1189 1180 animi
1213 1114 1317 1179 conci·

126 1236 245 1300 tatione
268 1237 366 1301 nimia
390 1248 485 1325 atque
507 1235 714 1301 immoderato
741 1238 822 1302 roais
845 1237 986 1325 impeta,
1012 1238 1161 1302 convulso
1185 1249 1314 1327 pectore

128 1357 274 1445 spiritum
306 1379 416 1423 cruore
449 1379 486 1422 ac
518 1357 611 1422 minis
639 1358 772 1462 spirtum
795 1358 951 1435 evomuit,
977 1357 1033 1422 LX
1057 1357 1235 1447 ingrediens
1260 1381 1317 1424 an·

128 1500 218 1542 num.
268 1476 368 1565 Igitur
398 1477 432 1541 in
464 1477 560 1541 dubio
594 1490 640 1543 est
672 1478 782 1543 sillane
813 1479 900 1568 prior
928 1501 968 1542 an
999 1479 1163 1544 iracundia
1187 1479 1255 1544 sille
1279 1480 1318 1545 sit

128 1600 278 1663 extincta.
351 1599 368 1681 §
396 1602 416 1662 8
464 1595 588 1662 (lcitum
659 1601 690 1662 1.
718 1599 829 1663 critem
898 1601 959 1685 §9
988 1598 1125 1664 dicebat.
1199 1599 1266 1688 (V.)
1300 1624 1318 1666 e

82 1777 86 1787 ,
130 1718 244 1808 quibus
266 1716 420 1783 hannibal
444 1741 556 1783 norem
581 1741 735 1783 annorum
755 1730 844 1807 patre
864 1718 1061 1784 sacrificante
1081 1718 1191 1784 altaria
1207 1733 1318 1786 tenens

129 1840 243 1904 iurarit
267 1863 300 1904 se
322 1860 395 1903 eum
418 1839 557 1928 primum
579 1863 637 1929 per
660 1852 795 1904 aetatem
816 1839 968 1929 potuisset
987 1841 1174 1905 acerrimum
1195 1841 1318 1908 hostem

129 1984 160 2050 p.
193 1984 220 2026 r.
250 1984 283 2025 se
314 1960 470 2026 futurum.
542 1965 559 2048 §
585 1964 626 2025 10
662 1959 811 2026 alterutra
882 1964 913 2027 1.
944 1961 1108 2026 alterutras
1141 1961 1145 2052 Ι
1178 1962 1316 2031 redacta.

132 2080 201 2168 (V.)
236 2079 417 2146 Semiramis
446 2082 626 2147 assiriorum
656 2083 764 2172 regina
799 2105 872 2148 oum
903 2084 932 2149 ei
957 2085 1039 2149 cirea
1063 2084 1185 2149 cultum
1209 2087 1320 2174 capitis

130 2203 178 2266 sui
202 2202 250 2266 sui
274 2215 426 2291 occupate
446 2204 634 2269 nunciatum
655 2216 754 2282 esset,
774 2203 922 2268 babilone
942 2204 1091 2271 defecisse
1113 2206 1210 2270 altera
1229 2221 1320 2296 parte

131 2323 267 2387 crinium
299 2322 403 2387 adhue
432 2323 534 2388 soluta
561 2323 705 2412 protinus
736 2322 775 2387 ad
799 2347 869 2389 eam
891 2325 1132 2414 expugnandam
1157 2331 1317 2413 cucurrit,

132 2466 191 2509 nee
221 2445 308 2533 prius
333 2442 479 2509 decorem
510 2443 698 2532 capillorum
721 2445 755 2510 in
778 2444 920 2510 ordinem
945 2467 1041 2533 quam
1063 2458 1182 2511 tantam
1208 2449 1320 2513 urbem

133 2566 167 2629 in
201 2575 389 2653 potestatem
424 2586 513 2628 snam
545 2563 676 2653 redegit.
727 2566 795 2651 Quo
828 2566 910 2631 circa
941 2577 1043 2630 statua
1074 2567 1140 2632 eius
1171 2568 1320 2635 babilone

130 2686 231 2775 posita
256 2697 302 2749 est
325 2684 381 2749 illo
404 2682 517 2750 habitu
542 2683 581 2748 ad
605 2684 758 2751 ultionem
782 2686 987 2776 erigendam,
1013 2687 1173 2753 celeritate
1195 2689 1319 2779 praeci·
1389 2767 1392 2775 .

131 2807 190 2896 piti
215 2805 361 2871 tetendit.

177 2926 256 3016 (lap.
295 2931 314 2991 4
350 2931 407 3014 §1
447 2926 561 2991 Basilio
632 2931 664 2991 2.
691 2949 780 2991 corr.
853 2929 869 3011 §
897 2930 916 2990 l
953 2924 1066 2992 Silium
1136 2927 1183 2992 In
1206 2953 1316 3020 marg.

132 3048 268 3136 Syllium
281 3045 306 3137 Ι
338 3046 466 3113 dimisit.
541 3048 611 3136 (V.)
638 3071 678 3113 an
701 3048 825 3114 dubites
848 3049 874 3112 si
894 3048 1029 3114 alterum
1048 3061 1172 3114 tantum
1193 3049 1334 3138 daretur

132 3169 277 3258 iugulum
317 3192 443 3259 quoque
476 3191 569 3234 suum
601 3191 702 3258 aequo
736 3170 840 3234 animo
871 3169 931 3235 illis
964 3169 1058 3235 fuisse
1088 3172 1319 3260 praebiturum.

132 3297 150 3378 §
187 3291 367 3379 tersequi.
440 3288 508 3376 (V.)
534 3287 587 3354 sed
611 3301 776 3378 argentum
801 3302 832 3354 et
856 3311 969 3354 aurum
992 3291 1135 3357 futurum
1158 3295 1243 3358 necis
1267 3317 1322 3360 sue

131 3411 308 3502 praemium
342 3410 472 3475 domum
506 3411 634 3476 reverit.
690 3410 751 3476 Hic
786 3432 850 3476 non
883 3411 1020 3500 possedit
1056 3412 1179 3478 divitias
1215 3414 1268 3479 sed
1303 3439 1321 3478 a

132 3531 252 3597 diviciis
271 3554 427 3621 possessus
451 3543 515 3609 est,
540 3531 632 3597 titulo
657 3554 709 3596 rer
732 3530 834 3596 insule
859 3532 963 3596 animo
987 3533 1123 3620 pecunie
1143 3534 1321 3601 miserabile

132 3654 339 3741 mancipium.

179 3771 257 3863 Gap.
285 3778 303 3837 5
340 3778 357 3860 §
384 3779 398 3837 1
437 3771 650 3837 introduceret
721 3777 750 3837 1.
775 3771 975 3838 introducere
1006 3770 1012 3861 Ι
1044 3772 1205 3839 desisteret
1275 3798 1321 3841 re·

133 3897 253 3959 sisteret
322 3897 383 3981 §2
415 3893 632 3981 interpellatus
703 3892 771 3980 (V)
798 3894 872 3981 quia
896 3916 928 3959 se
948 3894 1090 3958 interfari
1117 3894 1122 3984 Ι
1151 3897 1320 3960 conciona-

132 4028 219 4080 retur
290 4022 320 4080 1.
347 4015 566 4093 contionatur,
593 4018 624 4078 b.
651 4014 872 4095 contionatus,
911 4015 979 4104 (V.)
1005 4018 1240 4082 contionaretur
1263 4041 1320 4084 au-

134 4159 194 4201 sus.
268 4140 329 4222 §4
364 4158 454 4199 reum
525 4134 591 4223 (V.)
625 4148 655 4200 et
686 4135 826 4200 nobilem
856 4135 960 4200 virum
988 4148 1019 4201 ct
1042 4136 1102 4202 sibi
1126 4138 1262 4202 amicum
1294 4137 1300 4228 Ι

134 4268 323 4321 moraretur.
398 4253 464 4342 (V.)
490 4268 520 4320 et
544 4255 637 4320 huius
661 4255 737 4320 dicti
761 4255 903 4320 conscius
924 4279 1050 4320 securus
1071 4279 1183 4322 oenare
1202 4261 1317 4348 potuit.

133 4382 192 4464 §5
230 4377 346 4442 tulerat
417 4375 486 4463 (V.)
523 4377 555 4441 in
590 4378 725 4442 maxima
761 4378 889 4467 quidem
924 4401 1049 4443 reorum
1084 4391 1115 4443 et
1150 4380 1320 4448 illustrium

134 4499 235 4563 ruina.
270 4495 274 4586 Ι
306 4498 498 4587 depoposcit.
556 4498 625 4586 (V.)
650 4499 801 4564 maritalis
824 4500 898 4565 lecti
917 4498 1081 4564 blandiens
1102 4513 1218 4565 statum
1238 4503 1317 4591 reip.

134 4619 346 4708 temperando.
419 4625 436 4706 §
467 4624 486 4685 6
512 4618 620 4691 habui.
693 4621 763 4708 (V.)
790 4622 923 4711 superba
947 4623 986 4689 de
1009 4635 1151 4689 senatore
1174 4624 1320 4711 inpotens
