2888 5144
661 376 750 392 ·······
1250 364 1299 410 ΠΙ

115 560 222 624 rostellis
245 583 304 624 non
329 560 498 639 videbitur,
524 564 652 648 pravius
676 573 720 627 est
744 572 772 626 et
791 563 871 646 prod
893 561 1005 632 dolori
1027 572 1090 628 tam
1115 563 1176 628 iate
1193 571 1298 648 potet,

114 721 148 774 nt
173 711 244 777 huie
271 733 377 778 veram
409 717 504 779 istam
535 715 698 811 tribuerim
721 715 896 800 quaerelam,
916 736 1011 815 potum
1032 736 1132 779 ornum
1158 737 1174 779 e
1199 671 1300 780 Gallis

114 863 300 929 doctioribus
330 865 435 930 audivi
464 876 658 931 moventem:
688 867 774 931 «iam
797 887 830 930 eo
854 875 1037 951 perventum
1058 875 1103 931 est
1127 874 1162 931 ut
1184 865 1300 930 librum

116 1013 264 1079 Latinum
292 1016 594 1082 subdorresaamns.»
639 1015 702 1081 Sed
729 1039 793 1081 non·
810 1016 894 1081 itabat
912 1015 969 1081 love
992 1026 1211 1102 orpumentum
1235 1018 1299 1082 don·

115 1166 186 1251 pius
203 1169 362 1254 persequi.

159 1312 257 1381 Aliud
280 1318 368 1392 oolo;
393 1338 443 1383 res
465 1319 544 1384 midi
568 1329 613 1383 est
637 1339 707 1384 eum
727 1319 814 1383 doato
837 1318 896 1383 iilo
921 1337 1059 1397 censore,
1083 1319 1138 1405 qni
1160 1341 1220 1405 quo
1238 1340 1301 1384 me-
1414 1329 1418 1335 ⁴

115 1467 176 1530 iius
192 1465 383 1534 Villemoinii
401 1468 507 1534 laudet
523 1470 656 1534 aiteram
673 1469 864 1546 versionem,
888 1468 979 1557 (quoae
995 1479 1029 1533 ut
1041 1469 1228 1555 pierumque
1246 1469 1301 1554 lit,

115 1616 204 1704 lonpe
245 1618 339 1684 distat
369 1620 419 1685 uei
451 1621 562 1686 saitem
597 1620 712 1686 distare
744 1620 859 1686 dieitur
889 1640 909 1684 a
939 1618 1127 1705 superiore),
1158 1619 1301 1704 primum

111 1754 307 1854 persequitsir
325 1765 402 1835 Maii
419 1793 510 1849 euros
533 1771 700 1849 secundas,
722 1791 801 1856 quae
819 1771 988 1836 admodum
994 1775 1183 1859 prosuerunt
1204 1769 1303 1836 tentm'

112 1914 271 1983 Tulliano.
319 1920 416 2007 Spero
444 1925 513 2008 sore
540 1931 575 1986 ut
601 1922 714 1986 nseiius
737 1942 811 1988 mon
830 1922 960 2007 probet,
984 1941 1044 2008 quo
1067 1921 1190 1986 nomine
1214 1920 1303 1986 doeto

114 2078 142 2133 et
174 2070 300 2157 eiepons
335 2070 434 2136 attera
463 2081 600 2156 praestet
639 2070 759 2138 Galliae
791 2073 1024 2159 interpretatio,
1042 2093 1144 2158 ¹quom
1163 2071 1244 2158 quood
1265 2071 1303 2136 de

114 2219 229 2286 editore
259 2220 397 2285 Romano
430 2222 694 2287 demonstraverit.
743 2221 883 2288 Fallitur
917 2225 1001 2290 enim
1032 2223 1091 2288 dae
1122 2225 1156 2287 in
1187 2243 1221 2287 re
1253 2223 1303 2287 uir

114 2371 330 2448 doctissimus,
365 2383 393 2435 et
427 2374 488 2450 ito,
524 2383 557 2436 ut
588 2373 680 2437 verbo
712 2342 823 2437 saitem
855 2372 944 2437 iilius
972 2393 1093 2438 errores
1114 2373 1303 2460 redorpnere

115 2522 251 2587 debeam.

158 2671 320 2738 Contendit
349 2673 405 2738 iiie
438 2672 482 2760 (p.
514 2674 595 2760 666)
631 2676 699 2759 fere
727 2672 866 2759 sinpuies
889 2692 997 2737 verstos
1015 2672 1133 2757 prioris
1157 2672 1300 2737 editionis

111 2823 226 2888 distare
260 2824 299 2889 ab
325 2825 367 2888 iis
389 2825 422 2889 in
445 2823 579 2889 seeundo
600 2824 775 2889 recensione
799 2832 890 2909 atque
914 2845 954 2887 en
982 2821 1077 2888 Libro
1100 2822 1121 2887 Ι
1142 2825 1235 2911 offert
1261 2828 1300 2889 ln

111 2975 277 3062 enempia,
305 2976 417 3061 quidus
438 2930 495 3041 tiva
513 2976 681 3041 disorimen
694 2977 803 3060 padam
823 2977 890 3062 fiat.
927 2975 968 3040 At
984 2998 1082 3062 neque
1099 2975 1181 3040 illud
1193 2997 1301 3041 verrom

111 3137 169 3204 est,
189 3147 288 3212 noqooe
311 3127 344 3192 ns·
368 3128 428 3192 tovi
450 3148 485 3191 re
507 3148 580 3191 vern
604 3128 636 3191 in
658 3126 759 3191 altera
782 3126 914 3190 editione
936 3127 1089 3192 emendati
1113 3137 1193 3191 sunt.
1219 3125 1300 3192 Nam

113 3274 186 3362 Gap.
225 3281 267 3342 59
302 3278 320 3362 §
357 3282 397 3341 45
434 3276 595 3365 (tyrannis
622 3275 785 3363 popularis
812 3296 872 3361 pro
911 3278 1083 3364 tyrannica
1116 3277 1298 3366 populari),

112 3428 186 3513 Gap.
220 3433 261 3494 55
297 3430 314 3512 §
348 3431 390 3492 54
423 3425 469 3515 (in
500 3428 606 3512 primo
636 3433 744 3492 autem
764 3448 824 3513 pro
848 3426 881 3489 in
904 3426 1009 3512 primo
1033 3445 1150 3510 genere
1174 3426 1297 3513 tamon)

109 3589 139 3643 et
172 3579 244 3664 Cap.
279 3583 321 3644 56
347 3582 365 3663 §
391 3582 433 3643 65
461 3577 559 3667 (doeti
582 3578 777 3664 expolitique
800 3576 885 3643 docti
907 3598 965 3663 pro
989 3575 1074 3642 docti
1098 3575 1296 3664 indoctique)

108 3730 173 3793 iam
193 3731 227 3793 in
248 3730 353 3815 prima
371 3728 504 3794 editione
526 3729 697 3794 emendavit
712 3727 833 3808 Maius,
854 3749 964 3815 nempe
973 3729 1006 3793 in
1019 3727 1177 3793 Addendis
1184 3749 1217 3813 p.
1233 3732 1297 3794 552

108 3891 138 3946 et
159 3885 242 3958 555,
265 3883 319 3946 sed
338 3882 474 3948 latebant
495 3883 553 3948 iiio
580 3882 735 3948 Goiiieum
758 3881 922 3960 editorem,
943 3882 998 3968 qui
1009 3903 1067 3967 qne
1080 3880 1171 3945 eitius
1186 3880 1298 3946 versio·

107 4054 180 4098 nem
203 4044 231 4098 et
251 4033 415 4098 editionem
438 4034 626 4108 subteneret,
652 4034 777 4121 sinpuiu
795 4034 875 4122 solia
895 4033 1128 4119 quamprimum
1151 4033 1210 4097 sibi
1228 4033 1297 4098 sorb-

107 4183 258 4250 mittendo
270 4142 445 4261 oneraverat,
465 4195 630 4270 antequam
645 4186 803 4271 inteprum
814 4205 890 4270 opus
907 4184 1022 4279 editum
1033 4193 1128 4256 esset,·
1149 4183 1221 4250 dine
1230 4188 1296 4271 fae-

107 4344 174 4399 tum
198 4345 268 4414 est,
295 4344 332 4399 ut
352 4333 437 4400 Maii
448 4334 612 4422 Praefatio
631 4335 796 4400 oddaereot
820 4333 950 4399 editioni
974 4332 1128 4405 Gallinae:
1148 4335 1201 4399 sed
1213 4333 1298 4400 Maii

105 4484 336 4553 Additamento
358 4495 390 4551 et
403 4484 665 4562 Emendationes,
689 4507 767 4571 quae
779 4489 917 4573 perinane
927 4485 1052 4574 popinis
1072 4488 1297 4562 eontinentur,

106 4641 241 4702 etiamsi
263 4638 368 4723 sperni
392 4640 519 4702 omnino
539 4638 805 4715 vendobonam,
829 4659 888 4705 non
902 4642 1038 4703 iteravit
1054 4634 1294 4702 Villemoinins.
1392 4690 1395 4696 .
