2888 5144
153 302 172 362 8
406 319 407 322 ¹
530 314 647 361 crosno
671 315 715 361 nn
740 314 782 360 nn
807 313 961 361 runcrca.

154 485 253 574 spatio
270 482 412 548 nondum
432 483 589 572 completo
609 497 695 549 extra
712 484 829 549 lineam
849 484 1008 571 sequentis
1026 483 1184 549 uncialem
1200 482 1339 550 litteram

155 605 313 693 scripserit
335 603 431 693 paulo
454 604 624 682 maiorem,
655 604 764 693 quales
789 610 970 669 constanter
999 603 1139 692 depinxit
1163 605 1263 693 priori
1284 627 1338 669 co·

154 726 283 791 lamnae
313 724 449 790 initiales
472 723 521 791 rel
544 724 648 790 medio
672 723 846 802 vocabulo,
870 722 954 812 quod
975 745 1045 787 raro
1068 725 1102 788 in
1122 725 1220 790 altere
1247 725 1340 791 later-

154 847 228 911 culo
252 845 374 911 obtinet
392 845 511 910 locum.
560 845 682 912 Horum
702 847 811 935 itaque
823 846 965 910 omniurn
987 844 1102 911 habeat
1119 846 1274 912 rationem
1293 846 1339 924 is,

157 967 212 1055 qui
236 966 268 1030 in
289 967 477 1056 paginarum
500 966 621 1032 laciniis
644 964 828 1055 supplendis
851 964 1002 1043 desudet,
1027 977 1059 1030 et
1082 964 1280 1032 coniiciendo
1301 964 1340 1029 ad

156 1109 230 1153 eum
252 1086 429 1153 litterarum
448 1109 617 1153 numerum
640 1087 806 1176 pervenire
827 1084 967 1164 laboret,
993 1109 1089 1174 quern
1109 1098 1238 1153 auctore
1258 1087 1341 1152 Maio

156 1208 190 1272 in
213 1206 322 1273 codiee
343 1207 512 1274 desiderari
532 1207 591 1272 sibi
613 1207 725 1296 lingat.

205 1328 267 1412 Qui
287 1339 393 1394 autem
404 1328 489 1394 ‘Maii
507 1328 727 1417 supplementa
743 1327 777 1391 in
800 1326 878 1391 loeis
896 1326 1068 1392 obfuscatis
1087 1325 1269 1392 dubitanter
1288 1325 1341 1390 ad-

156 1447 287 1513 modum
308 1448 486 1536 accipiunt,
506 1448 587 1514 bene
607 1459 806 1537 perspectum
826 1446 966 1512 habeant
986 1447 1096 1523 velim,
1117 1445 1201 1513 idern
1219 1439 1342 1537 uestigiss

158 1591 213 1634 um
238 1566 323 1656 quod
352 1567 523 1633 leviuscule
545 1568 661 1655 passim
689 1567 846 1645 cernitur,
879 1566 918 1631 ad
940 1587 976 1645 c,
997 1587 1017 1632 n
1037 1579 1111 1633 etc
1131 1567 1263 1646 ducere,
1290 1581 1344 1633 aut

159 1689 337 1754 litterarum
361 1708 382 1752 a
406 1699 437 1753 et
461 1707 481 1753 x
502 1709 594 1775 saepe
617 1686 701 1752 idern
714 1698 830 1752 restare
852 1685 1024 1764 indicium,
1049 1700 1085 1752 ut
1108 1687 1209 1753 Maius
1222 1689 1261 1753 ad
1274 1689 1342 1767 Ill,

163 1811 238 1893 §44
267 1821 353 1874 reete
376 1807 543 1884 observat,
576 1818 631 1871 aut
654 1806 792 1872 litteram
815 1809 835 1882 b
857 1818 889 1872 et
914 1830 932 1871 o
955 1805 1067 1873 eodem
1091 1807 1190 1873 ductu
1210 1809 1346 1899 intelligi

155 1952 248 2019 posse
262 1951 362 2008 ,nnec
386 1947 407 1993 Β
430 1927 471 1992 ab
496 1947 517 1992 n
548 1926 668 2016 ubique
689 1926 865 2016 distingui,
890 1937 985 2015 atque
1008 1926 1119 1993 eadem
1143 1927 1259 1995 lineola
1282 1943 1345 1996 ret

154 2035 357 2128 uindicat,
389 2047 672 2137 quemadmodum=
689 2067 722 2114 nl
745 2060 800 2112 aut
814 2060 850 2113 -t1
875 2060 931 2112 aut
953 2070 975 2112 u
998 2048 1264 2137 paulo-evanidae
1295 2051 1344 2115 rix

159 2168 408 2258 dignoscantur3
446 2169 489 2234 sic
512 2180 597 2251 recte
621 2169 750 2233 omnino
774 2167 915 2234 Moscius
931 2168 970 2246 Ἰ,
997 2170 1075 2253 §31
1100 2171 1246 2258 aliquid
1265 2176 1347 2236 noui

160 2289 573 2355 innuentibus=emendarit
596 2291 643 2354 in·
654 2289 872 2353 molientibus
887 2337 902 2366 ,.
920 2300 1031 2353 eontra
1054 2288 1185 2354 fallitur
1200 2289 1345 2358 Osannus

161 2436 195 2502 p.
221 2414 283 2499 19,
307 2411 424 2476 codicis
447 2411 567 2479 alllaio
591 2410 767 2476 exhibitum
786 2411 946 2499 specimen
969 2410 1096 2476 intuens
1114 2433 1176 2499 *pro
1209 2413 1345 2480 niacile
1434 2397 1436 2400 Α

162 2531 374 2598 ascribitel
397 2531 460 2621 legi
482 2532 620 2619 potuisse
644 2528 858 2609 contendens,
890 2530 1024 2595 meliora
1046 2532 1171 2596 evincat
1194 2555 1300 2598 uersus
1315 2538 1344 2598 ·4

161 2677 235 2744 pag.
250 2656 290 2718 61
317 2665 372 2719 aut
395 2676 501 2718 uersus
527 2657 541 2716 1
568 2655 720 2741 pagtbl,
745 2674 820 2715 nam
842 2649 928 2715 idem
940 2650 1117 2717 discrimen
1138 2652 1220 2719 bene
1244 2654 1345 2720 cerni·

162 2790 235 2855 tur,
262 2774 347 2863 quod
369 2776 402 2838 in
423 2786 508 2840 recta
532 2786 564 2839 et
582 2773 743 2861 longiore:
769 2772 781 2836 l
804 2784 836 2837 et
853 2770 1009 2836 rotunda:
1036 2796 1053 2837 e
1076 2785 1197 2852 exstat,
1215 2797 1294 2862 quas
1312 2777 1346 2840 in

153 2897 275 2962 nostris
294 2895 382 2959 libris
404 2892 609 2972 adhibemus,
634 2904 744 2982 eontra
762 2891 932 2980 proclivior
954 2913 1041 2971 error
1063 2893 1166 2956 estin
1189 2894 1346 2960 maiuscu-

160 3018 264 3083 larum
281 3016 454 3105 scriptura,
479 3015 569 3079 cuins
581 3013 784 3103 perspicuum
797 3012 976 3101 exemplum
994 3011 1144 3099 descripsi
1159 3036 1195 3078 er
1216 3015 1346 3080 Lucano

156 3138 306 3205 ‚Palatino
329 3137 362 3200 in
383 3135 467 3201 Bibl.
482 3134 555 3201 Vat.
582 3133 642 3200 ΝΟ.
657 3136 720 3212 24,
745 3132 983 3222 quodpropter
1005 3133 1184 3222 speciminis
1206 3136 1347 3224 paucita-

162 3273 229 3327 tem-
246 3257 352 3324 ridere
371 3280 437 3326 non
462 3257 560 3324 estin
583 3254 712 3334 tabula,
735 3277 832 3344 quam
856 3253 1050 3320 Niebuhrius
1073 3253 1160 3320 dedit
1183 3256 1235 3320 in:
1263 3256 1347 3324 Cice·

162 3382 246 3446 renis
270 3377 357 3448 Orat.
388 3400 446 3470 pro
471 3377 603 3442 Fonteio
634 3388 666 3441 et
689 3375 818 3440 Rabirio
848 3375 1047 3464 aliorumque
1077 3375 1279 3464 fragmentis;
1307 3379 1348 3444 in

155 3501 274 3566 ceteris
293 3522 366 3566 rere
383 3499 526 3564 litterae:
549 3496 561 3560 l
585 3496 708 3585 longior
730 3498 832 3562 forma
852 3496 1003 3563 lectorem
1025 3495 1065 3560 ab
1089 3519 1193 3563 errore
1211 3500 1346 3580 retinet,

162 3620 247 3710 quod
270 3619 447 3685 in¹rusticis
466 3639 613 3706 quoque,
638 3639 716 3705 quas
735 3616 846 3683 dicunt
869 3616 1009 3694 litteras,
1035 3639 1108 3681 usus
1133 3618 1252 3698 uoluit,
1278 3620 1347 3687 ride

160 3742 234 3806 libri
250 3741 282 3806 ll
302 3740 430 3804 titulum
448 3736 531 3827 apud
552 3736 693 3815 Maium,
711 3748 839 3825 excepto
855 3736 985 3801 fortasse
1005 3735 1153 3802 Sallustio
1172 3738 1347 3819 Vaticano,

159 3863 217 3928 ubi
241 3872 350 3926 contra
370 3879 389 3923 r.
409 3858 504 3922 latior
525 3870 584 3923 est.

169 4070 171 4075 Ι
206 3980 415 4047 Praenomina
431 3980 547 4068 partim
567 3978 651 4067 siglis
671 3977 853 4043 scribuntur
869 3979 985 4066 partim
1005 3977 1178 4066 explicata,
1204 3993 1239 4045 ut
1262 3994 1347 4048 recte

161 4114 270 4168 monet
289 4101 388 4166 lllaius
410 4125 481 4190 pag.
498 4103 536 4178 1,
562 4111 594 4165 et
617 4111 653 4163 ut
676 4097 795 4164 ridebis
818 4100 851 4163 in
876 4098 1022 4164 omnibus
1045 4099 1111 4166 fere
1129 4100 1345 4183 editionibus,

160 4246 237 4293 narn
260 4221 321 4287 hac
344 4222 376 4286 in
401 4244 435 4286 re
458 4219 604 4285 librarius
624 4219 717 4283 nimis
741 4242 893 4308 sequaces
913 4219 1026 4286 habuit
1050 4221 1197 4301 editores3
1224 4221 1279 4288 sed
1303 4225 1348 4288 sie

117 4358 120 4364 ‘
163 4344 233 4410 lieri
264 4343 396 4422 assolet,
434 4341 489 4430 qui
520 4341 553 4404 in
584 4339 784 4405 librariorum
812 4353 844 4408 et
875 4342 1137 4432 interpolatorum
1168 4343 1347 4410 inconstan-

165 4465 241 4532 tiam
265 4460 489 4540 declamitant,
514 4459 624 4527 eodem
650 4463 723 4527 vitio
744 4464 837 4543 inriti
864 4465 976 4554 opinor
1001 4463 1194 4530 afficiuntur.
1249 4466 1348 4556 Atqui

165 4588 229 4652 istis
260 4585 394 4652 maculis
426 4583 607 4650 liberandae
637 4599 709 4651 sunt
736 4586 906 4664 editiones,
939 4611 1012 4652 narn
1041 4608 1105 4652 non
1136 4586 1253 4666 habes,
1284 4611 1346 4675 quo
