2888 5144
544 291 664 339 CICERO
689 291 732 337 DE
756 290 798 336 ltu
823 290 977 340 eunucu.

277 457 601 527 Lacedaemoniorum
637 466 955 540 ntcneeenomonuo

652 581 665 619 h

275 634 411 702 Theseus
636 654 749 703 reseas

272 757 394 845 aliquot
633 755 776 845 triquod

152 865 173 961 ⁸,
271 875 386 942 seculis
632 895 785 942 sseuunrs

152 974 173 1011 ³'
269 995 350 1062 Nam
370 994 376 1086 Ι
396 1018 499 1085 neque
631 1019 661 1085 p.
687 999 766 1061 278.

269 1117 419 1182 exstitisse
630 1134 794 1183 exrrrrsse

267 1296 435 1384 quisquam
500 1295 559 1359 ali·
628 1267 987 1384 qulsquio:::1quando
1084 1295 1206 1362 Dubius
1229 1295 1352 1363 haereo

311 1415 437 1505 quando
673 1415 776 1480 sintne
806 1416 932 1504 punctis
965 1428 1092 1483 notatae
1123 1436 1168 1482 to
1199 1440 1241 1482 an
1273 1441 1353 1485 vero

672 1535 824 1614 maculis,
850 1536 930 1602 sitne
953 1537 1157 1604 emendatum
1177 1557 1351 1628 autquart-

671 1654 729 1734 do,
766 1655 851 1745 quod
888 1661 903 1720 1
938 1656 1050 1723 saltem
1080 1679 1145 1723 non
1173 1656 1278 1738 dedit,
1307 1683 1351 1726 an

398 1867 401 1873 Ι
672 1800 746 1842 vero
769 1777 914 1844 maculae
934 1800 1000 1843 non
1023 1778 1147 1845 litterae
1169 1798 1238 1846 Ant.

261 1899 371 1964 suisset
625 1917 754 1965 rutsser
770 1922 777 1963 :
793 1921 823 1962 :r
966 1899 1095 1988 vestigia
1118 1899 1300 1966 litterarum
1330 1907 1346 1968 l

602 2054 605 2059 -
670 2040 804 2096 manus,
831 2041 912 2106 quae
936 2042 1042 2085 erasae
1065 2030 1148 2084 sunt.

264 2138 378 2204 collata
626 2141 773 2204 conara

259 2336 295 2379 ao
319 2324 473 2379 vetustate
620 2331 997 2380 acuerustcuernsrtre

145 2438 223 2521 §3.
256 2433 366 2525 populi
390 2433 543 2523 originem
621 2452 915 2499 Porunlnlnlomeu
1028 2436 1114 2524 prior
1137 2456 1159 2501 n
1183 2459 1271 2502 erasa
1295 2451 1348 2505 est

663 2566 694 2620 et
725 2577 761 2620 er
786 2555 930 2644 sequenti
954 2573 966 2620 1
989 2555 1072 2620 facta
1097 2575 1130 2637 03
1158 2557 1238 2623 forte
1264 2579 1345 2624 eum

666 2694 686 2740 n
712 2674 926 2740 revocandum
949 2688 995 2740 est
1021 2675 1181 2744 Romani.

253 2810 359 2864 autem
622 2794 752 2860 Addidit
775 2799 808 2862 2.

256 2919 473 3008 propositum,
496 2916 501 3006 Ι
523 2939 595 2982 con·
619 2938 651 3004 p.
679 2919 756 2981 287.

301 3060 415 3128 sequar

255 3145 427 3224 robustam
621 3176 753 3223 nonnam

255 3339 290 3392 ut
314 3327 397 3416 apud
616 3283 771 3396 murram
812 3330 844 3395 d.
873 3355 892 3393 u
917 3346 947 3397 et
972 3353 990 3396 n

648 3524 763 3618 Caput
786 3528 828 3592 ΙΙ.

140 3705 158 3786 §
187 3707 218 3767 4.
252 3702 506 3791 approbavissent
612 3702 896 3774 rdrnonnursaerr

252 3824 471 3910 oonioedamus
613 3850 645 3915 p.
671 3829 749 3892 288.

253 3999 335 4064 bene
616 4015 739 4064 uraette
815 4087 817 4091 y

691 4122 707 4155 R

225 4238 228 4245 Α
250 4170 347 4234 fratre
615 4193 719 4239 unare
743 4165 745 4169 ’

721 4305 728 4333 Ι

251 4340 388 4418 Amulio
615 4345 751 4428 tondeo
842 4354 856 4416 1
884 4352 1019 4418 Amulo.
1046 4351 1157 4417 Maius.
1183 4348 1255 4417 Non
1267 4350 1325 4431 ita3

658 4470 741 4536 male
761 4469 968 4540 disseoaverat
990 4476 1027 4551 1,
1045 4485 1113 4538 tum
1125 4495 1212 4540 erasa
1223 4472 1328 4561 priore

658 4610 677 4655 1.
702 4615 737 4656 er
764 4613 772 4656 t
797 4594 877 4658 fututa
903 4608 948 4661 est
972 4582 990 4660 'a
1016 4606 1046 4660 ot
1071 4593 1224 4684 adscripta
1250 4613 1273 4662 1.
