2888 5144
140 309 203 378 168
612 323 722 372 remus
746 323 853 372 sarrs.

135 493 316 585 redarguit,
352 495 385 558 iu
420 493 489 558 aliis
522 517 674 560 numerus
705 506 814 562 contra
844 493 964 560 Maium
994 493 1081 560 fecit.
1132 494 1177 560 Ut
1200 491 1322 560 chartae

136 637 285 704 parcam,
319 614 415 680 rerbo
436 614 590 704 attingam
615 617 727 682 seriem
751 615 893 681 locomm
916 615 949 679 in
974 613 1088 702 quibus
1112 613 1175 679 boc
1200 615 1324 681 nomiae

133 735 227 802 illum
250 758 395 825 peccasse
418 737 554 826 repperi.

180 855 234 923 Sic
256 857 410 929 absonum
434 869 499 932 est,
524 857 585 923 nisi
608 879 698 923 aures
722 880 773 949 me
793 857 929 937 fallunt,
955 856 1040 945 quod
1061 855 1205 922 hocloco
1218 866 1323 921 contra

131 959 277 1047 codicem
306 975 452 1042 dederat:
488 976 600 1042 «duae
631 976 756 1065 aquilae
787 1001 823 1043 er
854 976 981 1042 dirersis
1016 977 1126 1042 castris
1160 974 1323 1041 advolare·

133 1111 226 1176 runt,
263 1110 295 1163 et
329 1097 413 1165 edita
447 1099 530 1164 inter
560 1121 593 1163 se
616 1120 743 1187 pugna,
768 1120 805 1163 ea
829 1120 910 1187 quae
934 1121 952 1161 a
974 1110 1065 1187 parte
1088 1097 1181 1163 Bruti
1202 1097 1322 1174 fuerat,

133 1219 217 1284 male
249 1219 347 1309 fagit
373 1221 567 1284 melecta.»
615 1218 714 1306 Atqui
736 1217 816 1284 haec
837 1218 932 1284 rerba
956 1229 1223 1308 transponantur,
1249 1238 1322 1283 con·

132 1351 182 1404 tra
210 1338 348 1405 dubitari
377 1351 481 1430 potest
511 1338 551 1404 de
583 1338 654 1404 Lib.
689 1338 739 1417 ΙΙ,
764 1337 840 1427 Gap.
869 1345 883 1403 1
912 1341 930 1423 §
956 1342 1018 1416 45,
1044 1338 1100 1403 ubi
1124 1337 1229 1404 Maius
1252 1359 1322 1403 cum

132 1459 260 1526 Valerio
296 1465 317 1526 θ
354 1463 371 1546 §
408 1465 427 1525 7
465 1460 607 1549 scripsit:
645 1459 733 1547 «qui
768 1480 876 1524 causas
906 1457 1071 1536 exhibuit,
1095 1471 1227 1547 propter
1247 1480 1321 1547 ques

131 1602 217 1646 mors
241 1584 294 1646 sit
305 1582 365 1645 illi
376 1579 549 1671 expetenda
561 1603 594 1657 ,>›
619 1579 716 1645 codex
735 1580 951 1659 numerosius,
972 1579 1006 1649 ni
1025 1578 1138 1658 fallor,
1165 1580 1259 1644 «illi
1274 1581 1321 1643 sit

130 1714 263 1791 expet.»
310 1700 381 1767 Lib.
415 1701 481 1781 111,
511 1700 586 1790 Cap.
616 1706 676 1787 6§
706 1706 725 1766 4
751 1701 847 1767 codex
869 1723 943 1766 cum
965 1699 1090 1764 Valerio
1115 1703 1134 1763 7
1161 1699 1234 1765 Est.
1260 1701 1319 1785 §2

131 1821 330 1887 consentiens
354 1821 470 1887 habet:
497 1845 518 1886 s<
530 1821 735 1912 Antigenidas
757 1821 912 1911 discipulo
936 1843 992 1885 suo
1011 1820 1119 1909 magni
1141 1819 1318 1908 profectus,

131 1941 186 2007 sed
214 1963 328 2031 parum
359 1941 499 2007 feliciter
518 1943 650 2032 populo
678 1965 715 2006 se
739 1942 926 2032 adprobanti
949 1941 1063 2006 dirit.»
1111 1939 1233 2005 Eodem
1255 1941 1319 2005 iure

131 2060 367 2151 transponenda
392 2075 484 2144 eunt
506 2062 601 2128 rerba
628 2063 662 2126 in
694 2062 766 2127 Lib.
795 2062 861 2141 ΙΙ,
893 2062 968 2153 Gap.
998 2068 1012 2126 1
1040 2066 1057 2146 §
1088 2067 1126 2126 4:
1155 2061 1318 2150 «populus

134 2183 296 2247 tribunos
312 2175 459 2250 eosdem
479 2186 513 2250 in
533 2184 712 2274 proximum
737 2207 856 2249 annum
879 2207 985 2250 creare
1005 2181 1229 2261 destinabam
1252 2181 1318 2248 ride

132 2303 295 2385 Valerium
330 2305 396 2384 ΙΙ,
436 2310 451 2371 1
491 2308 506 2393 §
542 2313 581 2383 4,
614 2327 738 2370 necnon
772 2304 889 2370 ibidem
913 2305 1057 2392 sequenti
1081 2306 1121 2388 §:
1173 2303 1317 2368 «Fabius

130 2448 204 2490 cum
229 2448 246 2488 a
269 2438 379 2515 patre,
405 2449 483 2502 aro,
503 2427 737 2514 maioribusque
756 2426 819 2490 suis
839 2425 1054 2490 consulatum
1075 2445 1316 2514 saepenumero

129 2556 253 2634 gestum
282 2545 436 2612 rideret.»
483 2546 551 2612 Nec
580 2559 626 2612 est
650 2570 707 2612 cur
731 2546 872 2612 codicem
896 2568 1079 2634 spernamus
1102 2545 1244 2634 legentes
1266 2568 1316 2610 eo·

130 2664 203 2730 dem
234 2664 340 2755 capite
372 2669 389 2750 §
421 2671 482 2744 13,
506 2667 629 2731 etiamsi
653 2667 799 2732 Valerius
824 2670 841 2751 ᾗ
870 2671 909 2731 12
933 2666 1038 2731 locum
1063 2666 1156 2732 aliter
1178 2665 1311 2730 babeat:

129 2785 306 2851 «Metellus
329 2799 366 2873 nt
385 2787 524 2875 primum
548 2809 620 2853 eum
645 2786 765 2850 audiit
786 2787 1050 2875 interemptum.»
1085 2785 1175 2851 Idem
1196 2785 1316 2851 obtinet

128 2906 236 2972 locum
267 2907 338 2971 Lib.
373 2905 440 2985 ΙΙ,
470 2905 542 2995 Gap.
575 2910 637 2991 3§
666 2911 727 2983 16,
757 2906 813 2971 ubi
837 2907 985 2996 Diogenis
1009 2906 1088 2971 illud
1113 2906 1152 2971 ad
1178 2906 1312 2974 Alexan-

127 3000 241 3092 drum:
278 3051 301 3091 «
312 3027 426 3104 velim,
464 3030 598 3114 inquit,
632 3029 720 3092 miti
748 3051 765 3092 a
794 3029 858 3094 sole
890 3051 953 3093 non
985 3028 1118 3094 obstes»
1147 3051 1185 3092 ex
1209 3027 1314 3092 codice

47 3155 51 3162 '
128 3144 400 3236 transponendum
420 3160 482 3226 est,
506 3170 700 3236 quamquam
723 3150 866 3214 Valerius
886 3150 948 3228 IV,
975 3154 994 3215 3
1021 3150 1091 3215 Ert.
1119 3149 1314 3233 §buildiriv

129 3268 199 3334 mit.
249 3269 318 3334 Lib.
348 3269 410 3347 ΙΙ,
435 3265 514 3358 Cap.
543 3276 557 3334 1
587 3273 604 3354 §
634 3276 671 3336 ll
699 3272 800 3360 prima
824 3295 936 3336 manus
960 3272 1100 3361 aptiore
1120 3271 1216 3336 verbo
1240 3293 1314 3337 coe—

130 3413 204 3454 sum
237 3389 276 3454 ad
300 3390 435 3455 alterum
459 3389 586 3480 delapsa
611 3392 715 3456 omisit
739 3392 834 3457 rerba
858 3392 1087 3456 audisset-
1111 3394 1210 3469 iure,
1237 3413 1314 3480 quae

127 3511 228 3577 altera
261 3532 374 3576 manus
410 3510 593 3600 adscripsit,
631 3512 684 3578 sed
720 3513 783 3591 ite,
821 3526 856 3577 ut
891 3535 948 3601 pro
973 3512 1181 3601 compellare
1208 3533 1314 3577 ausus

119 3633 270 3720 suerat,
307 3645 343 3699 ut
378 3645 424 3698 est
459 3631 730 3723 apud‘Valerium
756 3633 819 3711 ΙΙ,
854 3635 869 3696 1
903 3637 919 3718 §
952 3634 1012 3709 12,
1045 3629 1166 3695 dederit
1187 3610 1315 3717 suerat

126 3775 258 3832 mue,
282 3753 369 3842 quod
392 3753 540 3842 equidem
564 3754 777 3843 reposuerim,
802 3753 827 3818 si
850 3755 934 3818 enim
956 3751 1070 3816 editori
1091 3751 1246 3816 concedas
1268 3753 1314 3817 ius

127 3875 283 3963 refingere
312 3874 537 3943 abbreviatoris
568 3886 688 3940 textum
719 3887 755 3939 ut
786 3874 902 3962 legitur
931 3871 1016 3962 apud
1047 3872 1229 3949 Valerium,
1259 3894 1314 3939 cnr

128 4015 244 4080 quaeso
267 4018 331 4059 non
349 3995 480 4061 inseruit
504 3994 577 4058 «de
596 4004 719 4085 stupro
739 3993 930 4084 compellare
941 4018 975 4072 ,o
996 4016 1056 4058 nec
1076 3995 1313 4082 montpelare'o

126 4114 283 4202 rescripsit
316 4137 375 4204 pro
409 4114 662 4206 muscipulare?
709 4114 862 4181 Similiter
898 4114 1008 4204 capitis
1044 4114 1204 4202 sequentis
1229 4117 1247 4199 §
1274 4117 1312 4177 14

125 4245 235 4298 eontra
266 4234 407 4301 codicem
441 4236 529 4302 dedit
562 4237 680 4302 Maius:
728 4235 809 4303 «Ob
846 4259 942 4325 quam
972 4259 1039 4301 rem
1065 4234 1245 4325 perducta
1276 4237 1312 4299 in

124 4375 260 4433 arcem,
285 4354 358 4419 cum
383 4356 531 4445 inquit,>›
557 4357 684 4424 Valerio
709 4357 771 4436 ΙΙ,
798 4360 818 4421 2
844 4358 913 4424 Ert.
939 4359 959 4442 Ι
983 4360 1002 4420 2
1024 4379 1092 4421 non
1112 4355 1309 4421 aduersante.

125 4474 240 4541 Contra
270 4475 355 4541 idem
384 4477 437 4542 ille
470 4479 535 4557 ΙΙ,
568 4484 586 4544 4
620 4481 691 4545 Ert.
725 4482 743 4564 §
769 4483 787 4543 Ι
814 4480 980 4545 confirmat
1004 4477 1120 4543 codicis
1144 4477 1311 4542 lectionem

124 4620 191 4663 esse
210 4595 424 4688 reponendam
448 4597 517 4663 Lib.
546 4601 607 4678 ΙΙ,
633 4598 712 4690 Gap.
740 4605 759 4666 4
784 4607 802 4687 §
825 4605 844 4666 9
868 4600 901 4665 in
925 4599 1060 4665 Socratis
1084 4599 1168 4664 dicto
1189 4597 1229 4663 ad
1249 4597 1310 4683 Ly-
