2888 5144
200 304 242 366 50
576 317 695 365 crcrno
719 317 762 365 nn
786 318 828 366 nn
852 319 1012 366 eunucu:

197 493 358 583 gentiam,
398 489 455 576 qui
493 485 532 552 ad
560 499 679 553 certam
711 511 856 554 normam
887 490 1146 582 orthographiam
1173 492 1379 576 reducebant;

198 614 336 702 denique
364 609 488 674 laudari
511 608 623 696 nequit
647 609 680 673 in
703 622 864 698 posterum
889 611 988 677 hoece
1001 615 1159 701 genuinae
1179 613 1300 680 scilicet
1318 615 1382 680 ior·

196 756 268 800 mae
299 731 499 821 exemplum,
531 752 605 794 nam
635 727 674 794 de
700 752 789 795 more
813 733 971 796 constanti
994 734 1147 824 scriptum
1170 745 1217 800 est
1240 737 1383 822 cuique,

198 854 284 945 quod
309 877 371 944 quo
394 853 463 918 iure
487 850 598 916 abierit
621 850 655 915 in
680 853 808 939 quique
830 873 917 918 nunc
935 874 1001 918 non
1026 855 1140 931 attinet
1162 855 1363 945 investigare.

242 1094 330 1162 XVI.
358 1097 376 1179 §
401 1097 455 1159 26.
496 1092 583 1158 ‘Non
604 1100 686 1156 sunt
710 1095 749 1155 iu
772 1092 988 1182 disputando
1011 1093 1130 1180 uafri,
1157 1116 1225 1158 nom
1248 1103 1384 1160 ueteru-

197 1225 310 1295 tores,
336 1239 402 1280 uon
425 1216 609 1281 malitiosi.
646 1210 777 1279 «Codex
801 1213 1025 1293 disserendo,
1051 1214 1160 1303 scripsi
1180 1224 1289 1281 tamen
1310 1215 1383 1282 dio·

187 1337 370 1429 putando,
405 1349 473 1402 tum
509 1337 584 1425 quia
612 1335 708 1424 paulo
739 1347 812 1400 ante
844 1347 891 1399 est
922 1335 1149 1414 disserendo,
1180 1349 1250 1402 tum
1281 1336 1382 1403 multo

192 1459 292 1548 magis
316 1459 391 1547 quia
412 1456 554 1535 Nonius,
576 1456 632 1544 qui
650 1478 719 1522 roc.
744 1454 885 1541 vafrum
909 1455 985 1520 citat
1005 1453 1092 1520 hunc
1110 1454 1239 1536 locum,
1257 1427 1382 1548 legebat

193 1579 447 1671 disputando.»
495 1577 607 1643 Maius.
656 1574 771 1642 Oleum
795 1588 827 1641 et
854 1599 983 1666 operam
1001 1574 1141 1664 perdidit
1160 1576 1382 1644 Do‘derleiniua

194 1701 316 1789 Synon.
345 1700 382 1765 Τ.
412 1699 469 1766 IV.
493 1721 524 1787 p.
550 1701 593 1763 20
614 1697 859 1762 demonstrando
884 1697 1097 1787 disputandi
1120 1698 1252 1763 verbum
1277 1698 1383 1766 sensui

191 1824 287 1889 huius
317 1821 380 1886 loci
409 1818 522 1886 melius
554 1819 735 1899 convenire,
766 1841 841 1883 nam
873 1818 970 1884 codex
993 1842 1069 1908 prae
1090 1821 1199 1908 paucis
1221 1819 1285 1885 hoe
1307 1821 1384 1887 folio

192 1944 369 2033 perspicue>
390 1940 560 2005 admodum
595 1939 722 2006 exhibet
752 1940 988 2029 disputando;
1026 1939 1103 2029 quid
1134 1940 1236 2006 Maius
1263 1943 1384 2031 eger-it,

193 2064 250 2129 ubi
281 2062 340 2127 sibi
370 2062 475 2150 legere
498 2059 665 2127 videbatur
688 2060 913 2138 disserendo,
938 2061 1088 2150 equidem
1111 2061 1237 2140 neseio,
1264 2062 1321 2129 sed
1343 2062 1387 2130 ti·

193 2187 288 2251 brum
321 2183 511 2248 Vaticanum
543 2204 617 2248 cum
650 2182 818 2271 Augustini
848 2181 985 2248 lectione
1016 2183 1196 2272 conspirare
1224 2207 1282 2273 pro
1313 2197 1388 2252 edr-

192 2307 313 2374 tissimo
336 2305 477 2386 declar03
508 2316 540 2369 at
562 2303 707 2370 secundis
731 2305 813 2370 curis
833 2305 929 2370 istum
952 2328 1091 2372 errorem
1115 2308 1179 2371 iam
1202 2318 1387 2373 correctum

193 2453 259 2497 esse
281 2426 458 2520 oportebat.

238 2670 369 2738 XXXV.
396 2671 414 2754 §
442 2672 495 2734 47.
546 2668 664 2756 Quare
693 2672 846 2757 cogitato
870 2667 1051 2733 Romulum
1080 2676 1144 2731 aut
1166 2666 1386 2758 Pompilium

192 2801 256 2856 mul
290 2791 428 2855 Tullum
459 2811 593 2878 regem,
613 2789 744 2874 fortan
769 2811 835 2850 mom
860 2795 931 2850 lum
957 2788 1058 2850 illius
1083 2791 1196 2851 terei
1214 2788 1388 2878 publicae

185 2912 390 3004 poenitebit.
441 2909 521 2973 «Ita
549 2907 645 2973 codex
670 2907 836 2997 perspicue
855 2907 1006 2992 fortan,
1021 2957 1026 2967 .
1042 2920 1088 2972 est
1114 2921 1220 2973 autern
1244 2909 1386 2975 vocabu·

191 3034 260 3097 lum
284 3031 413 3094 omnino
438 3028 620 3092 Tullianum
644 3028 731 3093 etin
755 3026 855 3090 lexiea
878 3026 1115 3092 referendum.»
1162 3029 1276 3095 Maius.
1319 3028 1386 3095 Do·

178 3153 262 3230 ico,
297 3151 381 3238 quod
417 3149 596 3215 Forecllino
621 3148 788 3213 inseruerit
811 3147 890 3212 iliud
915 3149 1138 3228 Furianettus,
1164 3172 1239 3215 nam
1264 3149 1386 3217 audec-

192 3285 241 3337 ter
268 3269 482 3335 abiieiendum
505 3281 551 3333 est
574 3292 625 3333 me
648 3268 765 3334 iudice.
805 3269 924 3358 Lapsus
949 3282 994 3334 est
1019 3271 1215 3335 acutissimus
1233 3270 1385 3337 codicum

192 3395 312 3471 lector,
338 3389 423 3479 quod
447 3391 532 3455 enim
551 3391 653 3479 primo
679 3391 831 3479 scriptum
853 3402 919 3455 erat
931 3390 1055 3475 forta,
1078 3389 1203 3455 volebat
1214 3392 1386 3477 sortasse

193 3515 324 3605 opinor,
362 3512 467 3576 statim
500 3523 676 3576 correctum
708 3533 774 3576 esse
805 3522 935 3599 apparet
970 3510 1003 3574 in
1027 3510 1145 3595 forte,
1182 3510 1236 3575 sed
1267 3512 1312 3576 ita
1346 3526 1385 3578 ut

193 3657 213 3702 u
233 3632 323 3701 alteri
347 3633 490 3698 crassiori
508 3633 633 3698 litterae
654 3631 819 3698 alincolae
832 3631 1017 3709 adhaereat,
1043 3631 1127 3719 quod
1140 3654 1384 3720 monogramma

192 3784 220 3828 n
250 3782 307 3850 pro
342 3762 380 3821 ad
411 3755 532 3843 accepit
564 3754 676 3820 Maius.
728 3754 816 3838 Quae
845 3774 944 3841 quum
967 3751 1011 3815 ita
1031 3751 1112 3830 sint,
1141 3753 1256 3817 iniuria
1279 3752 1384 3821 lexica

192 3883 254 3947 hoc
283 3876 437 3946 vocabulo
464 3874 562 3938 ditata
586 3897 651 3939 esse
675 3873 841 3962 gloriatum
868 3894 928 3938 nec
948 3896 1026 3962 opus
1051 3885 1116 3952 est,
1151 3887 1185 3939 ut
1213 3897 1287 3939 cum
1311 3875 1384 3942 aliis

192 4001 365 4068 editoribus
396 3999 591 4066 decertemus
620 3995 784 4060 deforma
799 3994 973 4081 fortean,
990 3994 1157 4081 forsitam
1180 4007 1234 4062 aut
1248 3995 1384 4082 fortan

193 4119 405 4196 rescribendo.
