2888 5144
172 304 236 367 170
643 321 752 368 ruerus
776 321 902 368 arms.-

170 490 236 554 «P.
265 488 378 554 Decius
402 502 433 555 et
458 490 494 555 T.
520 459 656 556 Manlius
681 491 857 579 Torquatus
880 513 943 558 cos.
968 490 1058 555 idem
1079 496 1247 557 somnium
1266 492 1351 559 ride·

169 623 255 676 runt.
306 610 449 690 Accidit,
474 624 509 677 ut
533 611 622 678 Decii
646 612 743 677 Muris
766 634 866 677 cornu
889 610 1016 700 pulsum
1039 612 1078 677 ab
1097 612 1241 679 hostibus
1261 613 1352 680 cade·

170 744 229 798 ret.
280 731 361 797 Tum
397 735 542 797 somniis
573 731 787 796 satisfacturus
810 731 873 797 dur
896 754 953 822 pro
976 734 1113 799 exercitu
1137 757 1169 801 se
1192 733 1353 800 devovit.»

172 852 235 919 Sed
257 875 357 941 quum
380 851 463 918 idem
489 865 583 940 atque
600 874 700 917 unum
724 852 881 917 somnium
894 853 1008 931 fuerit,
1033 853 1218 921 satisfecerit
1229 876 1355 922 necesse
1407 874 1409 882 ’

170 988 216 1040 ost
249 978 397 1052 somnio,
422 985 457 1038 ut
480 985 565 1038 recte
591 972 714 1062 scripsit
739 971 906 1051 librarius,
932 974 987 1062 qui
1012 975 1197 1063 ceteroquin
1220 975 1355 1042 formam

169 1096 203 1159 in
228 1099 276 1158 iis
302 1093 486 1159 contrahere
509 1091 605 1171 solet,
631 1104 667 1156 nt
691 1091 796 1158 ridere
818 1105 864 1158 est
887 1093 920 1157 iu
943 1093 1092 1160 editione.

216 1216 300 1281 Maio
342 1213 481 1280 eiusdem
516 1213 627 1302 capitis
662 1209 686 1300 S
725 1215 762 1277 ll
801 1214 956 1279 sententia
989 1215 1134 1281 laborare
1169 1215 1353 1283 ridebatur:

171 1334 337 1402 «Croesus
369 1357 443 1399 cum
478 1333 556 1398 duos
587 1333 668 1398 filios
701 1331 852 1412 haberet,
881 1335 980 1399 *risus
1003 1347 1050 1401 est
1072 1335 1105 1401 in
1128 1337 1247 1402 somnis
1273 1336 1356 1424 Atyn

170 1457 272 1521 filium
300 1457 382 1521 ferro
414 1456 474 1520 sibi
503 1466 685 1545 ereptum.»
729 1455 829 1544 Igitur
860 1455 1016 1545 supplerit
1039 1455 1170 1521 verbum
1194 1479 1357 1535 cernere,
1429 1492 1430 1499 1

171 1577 224 1644 sed
255 1601 333 1668 opus
363 1599 427 1642 uon
457 1588 521 1656 est,
554 1575 640 1640 Paris
672 1575 756 1640 enim
789 1575 906 1642 Valerii
930 1577 963 1655 I,
989 1580 1008 1642 7
1034 1576 1105 1643 Eut.
1132 1575 1155 1665 S
1182 1582 1203 1643 4
1226 1577 1357 1644 verbum

171 1702 392 1764 existimavit
422 1720 479 1788 per
502 1695 714 1786 metaphrasin
738 1697 831 1761 vertit
852 1697 886 1761 in
909 1699 1007 1761 visus
1032 1706 1086 1762 est
1108 1697 1220 1765 eudem
1243 1721 1359 1778 sensu,

171 1844 234 1909 qno
258 1818 402 1884 Valerius
425 1840 497 1882 mor
518 1816 541 1906 S
564 1822 582 1883 7
603 1816 664 1882 hoc
681 1815 811 1882 verbum
831 1816 981 1898 dederat,
1001 1829 1033 1884 et
1045 1840 1081 1883 er
1094 1819 1149 1884 illo
1162 1817 1286 1908 ParisS
1304 1824 1353 1886 13.

216 1940 347 2030 Legitur
377 1940 411 2003 in
440 1938 547 2004 codice
577 1936 640 2003 hoc
663 1936 774 2003 eodem
798 1938 900 2027 capite
924 1936 947 2026 S
975 1941 1036 2003 14:
1087 1939 1280 2005 «Hamilcar
1302 1962 1357 2030 per

173 2085 324 2127 somnum
348 2058 507 2125 exaudisse
531 2058 613 2123 risus
636 2069 682 2122 est
704 2058 948 2123 nunciantem.»
973 2058 1014 2123 dt
1038 2059 1139 2125 Maius
1162 2059 1250 2126 dedit
1270 2083 1357 2126 eom·

171 2187 286 2260 uiuam,
323 2192 354 2246 et
383 2180 547 2269 Kempfius
576 2177 660 2267 apud
691 2177 853 2243 Valerium
876 2179 911 2258 I,
937 2183 956 2245 7
981 2178 1004 2268 S
1030 2183 1050 2245 8
1075 2181 1216 2270 scripsit:
1244 2182 1358 2248 «inter

173 2306 339 2368 somnium
349 2325 382 2381 ,u
413 2301 534 2367 etiamsi
558 2298 681 2364 codices
703 2297 789 2365 AGD
812 2299 961 2365 exhibent
985 2323 1159 2380 somnum
1184 2301 1269 2369 hanc
1292 2303 1356 2368 lec·

170 2425 288 2506 tionem
323 2422 470 2512 equidem
505 2421 667 2511 praefero,
703 2443 777 2484 nam
812 2420 894 2485 idem
926 2445 984 2511 per
1011 2444 1162 2486 somnum
1193 2422 1353 2512 intelligo,

171 2544 255 2633 quod
292 2543 378 2608 Paris
413 2541 437 2632 8
475 2549 514 2608 5:
554 2563 694 2606 «somno
724 2564 847 2630 pressus
877 2542 981 2606 fratris
1012 2542 1148 2631 effigiem
1171 2541 1281 2608 uidit»
1304 2542 1355 2608 de·

169 2666 291 2754 scripsit
309 2688 345 2729 er
368 2664 493 2729 Valerio
513 2661 537 2752 S
562 2667 603 2741 6,
628 2675 723 2750 atque
747 2659 770 2750 8
796 2666 816 2727 6
840 2662 945 2729 dedit:
973 2686 1114 2729 «somno
1138 2665 1354 2754 pressuseris·

170 2786 292 2851 timavit
323 2784 362 2850 ad
391 2808 423 2851 se
458 2784 593 2849 venire»
620 2805 677 2872 pro
702 2783 821 2848 Valerii
844 2780 868 2871 8
894 2788 933 2848 7:
961 2807 1065 2849 «cum
1090 2784 1353 2850 sollicitudinibus

170 2919 202 2972 et
232 2907 315 2971 curis
346 2917 453 2971 mente
487 2905 586 2994 sopito
614 2905 647 2967 in
671 2903 789 2968 lectulo
812 2904 948 2982 iaceret,
973 2904 1159 2971 existimarit
1183 2904 1223 2969 ad
1247 2929 1279 2972 se
1302 2928 1354 2972 re·

170 3029 278 3106 nire3»
303 3027 346 3091 sio
366 3026 453 3090 Paris
473 3023 495 3112 8
518 3029 558 3090 7:
585 3024 649 3088 «in
672 3024 778 3112 quiete
797 3025 903 3089 retiari
922 3048 954 3091 se
972 3047 1072 3092 manu
1091 3025 1217 3092 confodi
1233 3026 1356 3105 ridit,>›

171 3148 225 3212 ubi
257 3146 400 3211 Valerius
431 3144 454 3234 8
488 3149 508 3211 8
541 3145 653 3210 «inter
684 3145 863 3232 quietem;»
887 3158 1021 3235 uterque
1046 3144 1070 3234 8
1097 3151 1138 3225 9,
1165 3147 1235 3212 Est.
1261 3145 1285 3235 8
1311 3151 1352 3212 2:

171 3290 256 3357 «per
287 3267 426 3355 quietem
459 3264 522 3331 visa
545 3266 682 3354 imagine
702 3265 955 3353 praemonitus.»
993 3267 1080 3351 Quae
1104 3289 1204 3354 quum
1226 3269 1272 3333 ita
1295 3269 1355 3335 sint

169 3389 267 3454 miror
288 3387 468 3476 Kempfium
488 3409 617 3476 pravam
637 3385 820 3475 praetulisse
835 3385 1004 3451 lectionem
1024 3385 1140 3451 codicis
1156 3386 1216 3466 Β.,
1239 3389 1355 3480 quippe

172 3513 261 3577 cuius
286 3510 471 3575 auctoritate
494 3520 579 3574 recte
602 3520 705 3597 spreta
729 3505 752 3595 S
779 3513 819 3585 5,
847 3530 883 3572 er
908 3507 1018 3572 ceteris
1041 3506 1129 3572 libris
1159 3507 1247 3574 dedit
1277 3509 1356 3576 «ci-

172 3654 243 3697 cero
273 3631 378 3695 animo
406 3631 439 3693 in
471 3651 622 3692 somnum
645 3627 811 3718 profuso.»
858 3628 1003 3716 Denique
1033 3626 1156 3694 codices
1181 3632 1282 3696 secuti
1304 3655 1356 3698 er-

171 3775 349 3842 pungemus
379 3762 548 3837 utramque
578 3749 717 3825 otiosam¹
743 3752 777 3827 e',
809 3760 841 3813 et
864 3748 909 3813 sic
932 3749 1018 3814 Paris
1042 3748 1101 3814 sibi
1124 3751 1301 3831 constabit,
1325 3763 1356 3817 et

172 3873 290 3938 Valerii
312 3894 441 3936 manus:
466 3869 577 3934 «inter
601 3892 783 3934 somnum»
807 3868 1008 3959 respondebit
1032 3870 1101 3935 Ert.
1127 3868 1151 3959 S
1175 3874 1217 3936 6:
1244 3872 1357 3938 «inter

172 3995 348 4082 quictem.»

220 4113 427 4179 Transeamus
459 4111 499 4176 ad
529 4109 553 4200 S
585 4114 645 4191 16,
679 4112 734 4199 qui
757 4112 876 4201 primus
899 4123 946 4176 est
969 4110 1057 4177 locus
1080 4135 1117 4178 er
1139 4111 1235 4201 longa
1257 4115 1355 4192 serie,

174 4235 212 4299 de
237 4256 299 4322 qua
322 4256 409 4299 nunc
432 4232 601 4298 dicendum
621 4245 669 4298 est
681 4281 689 4311 ,
717 4231 788 4296 volo
811 4232 932 4297 Maium
955 4233 1069 4321 possim
1093 4233 1137 4298 ita
1160 4232 1357 4324 descripsisse

173 4354 293 4422 Paridis
326 4353 486 4434 codicem,
521 4367 556 4419 ut
588 4377 685 4420 unam
717 4376 822 4418 rocem
851 4353 1019 4432 retineret,
1053 4376 1115 4442 qna
1145 4376 1210 4418 non
1237 4354 1356 4444 ubique

177 4477 224 4542 tel
263 4474 461 4539 abbreviator
498 4497 603 4540 carere
631 4486 753 4564 potest,
783 4475 835 4538 cui
865 4475 951 4538 iurat
994 4473 1123 4540 reddere
1158 4497 1240 4563 quae
1275 4475 1357 4541 male

175 4599 322 4664 omiserat
351 4595 462 4661 editor.
511 4593 565 4662 Sic
580 4595 762 4684 ,legendum
793 4607 840 4661 est
863 4606 968 4660 nostro
991 4593 1080 4660 loco:
1130 4594 1252 4661 «Tunc
1274 4595 1357 4663 idem
