2888 5144
568 336 830 384 enarrationes.
1125 340 1131 349 ·
1228 321 1289 380 145

145 509 347 599 Paragrapho
383 515 402 574 5
436 509 512 573 ibid.
549 508 589 574 de
620 509 770 598 negotiali
801 519 899 574 exstat
929 506 1035 583 loeus,
1070 529 1164 595 quem
1189 506 1290 571 Maius

99 632 132 696 in
163 631 304 697 editione
341 629 480 696 secunda
512 630 734 695 correctiorem
764 627 870 706 dedit,
901 651 962 692 nec
992 649 1064 691 vero
1095 629 1287 716 persanavit3

100 765 146 818 est
173 776 206 841 p.
241 756 306 817 202
336 776 364 816 v.
395 754 457 815 20:
491 751 686 839 «negotialis
711 762 814 815 status.
831 761 897 826 est,
931 771 1031 838 quum
1060 750 1223 835 quaeritur
1252 748 1291 814 de

98 873 276 963 quantitate
310 873 445 938 alicuius
479 873 525 938 rei
559 871 609 938 vel
639 873 677 936 in
712 894 859 937 mensura
893 871 943 936 rel
973 872 1006 935 in
1030 892 1179 948 numero,
1205 870 1290 958 quod

98 1017 205 1084 genus
223 994 414 1083 quaestionis
437 993 548 1058 incidit
572 1015 804 1082 nonnunquam
827 994 860 1057 in
884 992 990 1057 civiles
1011 992 1167 1065 actiones,
1191 1014 1291 1079 quum

96 1114 204 1205 aliqua
236 1116 316 1180 ratio
350 1127 571 1202 acceptorum,
606 1136 815 1202 expensorum
845 1126 876 1180 et
910 1113 1084 1178 solutorum
1107 1112 1289 1189 inducitur,

97 1236 149 1301 rel
182 1257 282 1324 quum
318 1235 358 1300 de
394 1238 634 1299 numeratione
668 1238 792 1323 agitur
824 1236 908 1301 inter
941 1234 1071 1299 ricinos.
1122 1235 1163 1300 Et
1198 1231 1292 1297 modo

90 1360 213 1448 primo
252 1357 394 1444 quaestio
431 1355 590 1433 nascitur,
622 1355 790 1421 relect.»
829 1355 889 1419 Pro
922 1359 1180 1433 numeratione,
1206 1353 1292 1443 quod

96 1490 144 1543 est
174 1477 209 1541 in
232 1477 359 1555 codice,
387 1473 524 1542 Orellius
546 1475 681 1540 coniecit
705 1479 948 1564 iugeratione,·
973 1499 1080 1542 veram
1103 1477 1169 1541 sine
1193 1475 1290 1540 dubio

96 1599 200 1664 Maius
235 1598 370 1663 restituit
404 1595 573 1662 lectionem
607 1600 886 1676 mensuratione,
907 1619 981 1662 nam
1006 1621 1052 1662 nu
1075 1610 1106 1662 et
1131 1619 1181 1660 ms
1206 1595 1291 1684 siglis

95 1719 314 1808 suprascriptis
349 1717 444 1784 facile
477 1717 651 1806 permutari
684 1730 835 1805 possunt,
865 1729 897 1781 et
920 1718 1100 1807 exemplum
1124 1738 1290 1782 mensurae

96 1840 279 1928 requiritur.
321 1837 402 1903 Tum
425 1860 482 1928 pro
508 1837 601 1902 verbo
626 1839 749 1926 agitur
778 1836 886 1902 codice
910 1837 1015 1904 denuo
1038 1839 1180 1927 inspecto
1204 1850 1289 1903 recte

85 1960 175 2049 'legit
206 1981 392 2048 agrorum,
422 1957 477 2023 scd
507 1957 602 2024 verbo
633 1956 757 2022 sublato
787 1959 943 2023 sententia
974 1958 1055 2039 hiat3
1083 1959 1184 2024 Maius
1206 1958 1290 2025 male

96 2081 293 2171 interpunxit
320 2080 384 2144 sic:
412 2082 558 2144 uicinos.
607 2078 674 2157 Et·
700 2101 775 2144 narn
799 2080 953 2146 sententia
976 2080 1079 2169 pergit
1102 2081 1136 2144 in
1161 2079 1289 2159 codice,

96 2215 128 2267 et
152 2202 317 2290 sequentia
340 2200 404 2264 huc
427 2200 606 2288 pertinent,
631 2199 800 2288 inquibus
824 2200 928 2266 littera
945 2225 975 2291 p
991 2200 1096 2266 denuo
1120 2200 1289 2266 ridiculum

97 2344 237 2389 errorem
261 2322 397 2411 peperit3
425 2319 510 2409 quod
534 2321 618 2384 enirn
643 2321 744 2386 Maius
767 2321 843 2409 legit
867 2321 962 2385 modo
979 2325 1099 2410 primo
1122 2344 1178 2410 per
1202 2344 1291 2385 com·

97 2443 216 2534 pendia
245 2444 280 2507 in
299 2442 408 2508 codice
432 2441 583 2529 scripturn
607 2452 675 2505 est:
701 2463 733 2503 m
750 2463 780 2529 p
804 2464 856 2518 m,
881 2441 1007 2528 utrique
1034 2465 1066 2504 m
1089 2440 1290 2530 superaddita

97 2587 138 2642 o,
163 2563 240 2629 dum
263 2562 386 2629 litterae
403 2584 434 2651 p
456 2572 532 2626 nota
556 2560 711 2648 affigitur,
735 2583 798 2648 qua
814 2583 885 2650 pro
906 2561 1113 2649 significatur.
1143 2560 1288 2648 Denique

95 2685 260 2774 legamus:
296 2683 376 2748 «rel
408 2704 507 2770 quum
531 2681 570 2746 de
594 2684 853 2744 mensuratione
877 2704 1041 2769 agrorum
1064 2681 1148 2747 inter
1170 2682 1290 2747 ricinos

96 2818 130 2872 et
163 2805 261 2870 modo
284 2827 356 2895 pro
383 2801 480 2866 modo
512 2801 653 2891 quaestio
685 2802 869 2867 nascitur.»
892 2838 938 2850 -
960 2802 999 2867 ln
1028 2802 1120 2866 tertio
1145 2803 1289 2893 exemplo

95 2927 180 2992 «rel
208 2948 307 3014 quum
336 2935 466 3013 propter
494 2945 590 2987 onera
605 2921 784 3009 fugienda
810 2920 849 2986 de
876 2920 1032 2985 bonorum
1055 2925 1289 3010 permutatione

95 3048 252 3137 agitur»,
301 3044 408 3111 rhetor
454 3042 540 3108 aliud
585 3042 716 3107 fortasse
761 3042 820 3106 sibi
865 3042 984 3120 voluit,
1033 3066 1108 3108 nam
1154 3044 1287 3110 verbum

85 3166 287 3257 fugienda
304 3164 508 3231 emendatum
542 3176 588 3229 est
621 3165 655 3228 in
681 3162 889 3251 fungenda,
911 3162 1012 3252 'quod
1045 3187 1109 3229 non
1141 3166 1287 3232 vitiosum

96 3286 323 3355 emendetur.

146 3407 240 3494 Quod
271 3407 408 3473 Orellius
439 3406 499 3470 hac
530 3427 603 3495 pag.
630 3428 659 3469 v.
687 3407 726 3469 31
753 3405 936 3493 proposuit:
963 3407 1209 3494 «quamplura
1233 3431 1289 3494 ge·

98 3552 185 3596 nera.
200 3552 372 3619 poenarum
397 3539 470 3591 sunt
493 3525 649 3589 diuersis
674 3524 796 3613 legibus
817 3525 1103 3605 constitutarum,»
1128 3551 1185 3615 pro
1199 3527 1288 3590 diui·

97 3655 170 3727 sis,
196 3651 298 3739 accipi
320 3661 435 3738 potest3
461 3670 622 3713 versamur
645 3648 730 3712 enim
754 3647 787 3711 in
811 3647 911 3724 libro,
937 3647 1026 3712 ouius
1048 3647 1171 3735 singula
1191 3649 1286 3714 verba

97 3795 137 3839 ex
171 3768 459 3836 abbreviationibus
491 3781 564 3833 sunt
595 3767 791 3857 explicanda.
841 3766 902 3833 Sed
934 3768 1008 3832 nolo
1039 3765 1152 3833 iudicis
1182 3782 1287 3857 partes

97 3893 258 3981 suscipere
281 3914 342 3956 nec
363 3889 568 3979 pronuntiare
590 3887 629 3953 de
647 3887 812 3967 omnibus,
835 3911 916 3976 quae
938 3886 1074 3954 Orellius
1093 3902 1124 3953 et
1144 3890 1287 3955 Baiterus

96 4025 184 4079 recte
208 4010 288 4076 mihi
311 4010 492 4076 emendasse
515 4010 680 4087 ridentur,
707 4032 842 4097 quorum
861 4009 1015 4075 nonnulla
1027 4009 1060 4072 in
1072 4021 1191 4075 textum
1205 4012 1289 4077 reci·

93 4132 215 4225 pienda
237 4131 299 4196 illis
321 4132 459 4196 fuerant.

144 4253 219 4319 Non
249 4274 328 4342 opus
355 4275 420 4317 esse
449 4250 590 4329 videtur,
623 4264 659 4317 ut
688 4252 808 4316 librarii
837 4273 949 4315 manus
981 4252 1157 4340 corrigatur
1187 4275 1216 4318 v.
1243 4257 1286 4318 38

96 4373 200 4441 eiusd.
236 4396 331 4463 pag:
371 4372 565 4437 «Praeterea
589 4373 685 4437 etiam
707 4371 787 4436 illud
810 4384 856 4436 est
884 4371 1043 4460 negotiale
1066 4374 1286 4461 quaestionum

98 4518 220 4585 genus,
250 4494 370 4582 inquo
394 4493 535 4582 singulae
559 4515 665 4558 rerum
690 4492 856 4580 qualitates
879 4494 1045 4581 patiuntur
1069 4495 1285 4582 quaestiones,

99 4638 182 4705 quae
213 4617 313 4682 ferme
344 4613 482 4703 et[iam]
509 4614 541 4679 in
569 4614 676 4704 legum
701 4613 790 4679 etin
815 4614 1015 4703 rogationum
1037 4615 1207 4681 lationibus
1230 4614 1288 4679 ob·

1050 4738 1085 4787 to
