2888 5144
648 295 738 306 -···
1256 279 1290 324 1x

100 478 205 563 priore
229 477 401 560 scriptura,
425 485 454 539 et
476 478 520 541 sie
541 498 610 540 raeco
636 476 767 541 Collatia
783 477 902 561 possim
930 479 1028 543 textui
1058 479 1200 544 Tulliano
1218 501 1288 565 pro·

104 628 191 693 desse
220 628 347 712 poterit.
395 626 432 690 la
460 648 520 713 qua
554 628 741 692 elaboranda
769 650 865 714 quiam
901 651 1059 706 versarer,
1090 631 1185 714 firma
1208 630 1292 715 apsrd

103 802 153 843 rae
184 788 255 843 aeto
279 790 324 843 est
346 779 479 863 suspicio
503 777 622 843 Maium
648 801 708 843 aaa
732 788 828 843 totum
852 746 969 846 libilim
996 781 1096 846 altera
1126 780 1191 845 oice
1215 801 1289 844 eea·

105 931 259 1006 miaasse,
285 951 393 993 versem
416 931 481 994 iam
508 929 732 994 substitissem
755 930 795 994 iis
818 930 910 1007 loeis,
936 953 1012 1016 quos
1034 933 1097 996 oiri
1120 931 1201 996 docti
1225 931 1291 1019 eyi-

107 1091 254 1144 taoereat.
278 1078 361 1144 Hiae
377 1081 510 1145 alteram
529 1079 693 1144 editionem
709 1102 781 1145 caoe
794 1103 833 1146 ae
851 1101 909 1165 pro
929 1082 1096 1168 arebetypo
1108 1081 1240 1157 babeas,
1259 1091 1293 1146 ut

108 1232 172 1295 viro
189 1231 282 1328 docto
298 1230 458 1295 videbatur
482 1229 526 1317 (p.
549 1229 639 1317 668).
688 1229 752 1295 Nec
771 1231 846 1295 adeo
866 1230 1016 1309 cacellit,
1042 1240 1076 1294 ut
1097 1251 1167 1296 eam
1187 1229 1293 1296 eodem

109 1382 154 1469 (p.
175 1381 253 1468 668)
272 1401 441 1467 queramur
464 1402 533 1445 eam
552 1379 646 1444 almis
668 1380 765 1444 latere
777 1380 1010 1466 iaproeyreadi
1021 1378 1098 1445 Maii
1115 1382 1291 1446 collectione

108 1532 301 1596 diversorum
321 1542 482 1596 auctorum
492 1554 502 1603 ‚·
520 1552 614 1616 qaam
635 1533 794 1616 qrruelam
814 1533 912 1597 miror
929 1530 1065 1596 Parisiis
1082 1552 1147 1595 esse
1166 1543 1293 1610 tactam,

107 1683 162 1747 ubi
188 1683 222 1744 ia
253 1683 455 1748 celeberrima
476 1681 670 1748 Bibliotheca
693 1682 792 1770 Reyia
811 1684 935 1747 asellam
954 1683 1112 1748 extribus
1131 1682 1209 1749 Maii
1229 1685 1295 1750 eot-

109 1834 289 1900 lectioaibus
318 1836 474 1921 iateqram
504 1835 644 1898 iaoeaire
678 1834 757 1898 milti
786 1834 876 1900 licuit
894 1856 974 1900 ariao
1002 1840 1107 1909 1867,
1124 1837 1175 1902 eui
1193 1837 1295 1923 desec-

111 1987 170 2063 tai,
202 2006 262 2071 quo
301 1996 373 2050 triae
402 1985 494 2049 oalde
524 1985 715 2071 impediebar
744 1984 840 2050 libros
865 1991 1095 2072 manuscriptos
1120 1988 1168 2052 rei
1192 2008 1296 2074 yram·

110 2138 245 2203 matieoe
283 2139 317 2201 ia
354 2136 413 2202 illa
454 2136 640 2201 bibliotlaeca
675 2157 881 2215 excussuros,
920 2158 970 2202 me
1000 2138 1125 2203 leodem
1157 2148 1297 2203 aasoaeate

110 2309 290 2354 sarecarsum
314 2297 369 2353 est.

86 2496 89 2502 ⁴
154 2439 196 2504 Aa
228 2460 334 2504 ceasor
362 2448 464 2503 aester
492 2438 627 2502 alteram
658 2437 800 2502 collibuit
827 2437 992 2502 editioaem
1023 2438 1208 2517 Romanam,
1233 2441 1297 2504 irae

109 2589 189 2656 Maii
208 2600 312 2667 aetas,
340 2611 418 2676 queas
444 2589 490 2677 (p.
516 2589 596 2676 667)
621 2599 701 2654 reete
726 2589 842 2653 summi
861 2589 1010 2654 momeati
1030 2610 1095 2654 esse
1119 2590 1295 2666 coateadit,

116 2772 129 2799 a
143 2742 256 2828 qatippe
279 2762 358 2827 quae
375 2740 502 2806 editoris
521 2739 705 2826 stapeadam
732 2749 881 2805 testentur
904 2739 1120 2805 euaditioaem.
1156 2739 1196 2804 Ia
1224 2762 1296 2842 qaa-

68 2863 79 2884 ,
115 2914 214 2958 «mem
242 2915 305 2959 aaa
332 2894 387 2970 iis,
417 2894 458 2957 ad
483 2914 559 2978 quos
585 2891 795 2957 Romanorum
817 2893 967 2957 ruderum
991 2894 1185 2979 iuvestiaatio
1203 2894 1298 2979 perti·

116 3055 214 3122 «aet,
246 3045 347 3110 locam
375 3044 509 3122 ladieat,
540 3045 593 3108 abi
625 3044 729 3109 eredat
762 3044 899 3110 eoaditas
930 3044 1032 3109 adbuc
1064 3047 1164 3111 iacere
1188 3065 1299 3109 aeaeae

115 3194 265 3261 «tabulas
292 3193 351 3259 XV
373 3194 508 3259 airam.»
560 3166 634 3260 Noa
654 3163 780 3282 possum
803 3195 878 3279 qaia
902 3193 1075 3271 maculam,
1099 3215 1161 3279 qua
1180 3196 1298 3278 impru-

109 3347 218 3412 deater
251 3366 391 3410 summas
423 3344 524 3410 Italas
555 3345 772 3431 adsperoitur,
805 3342 927 3417 eloam:
955 3346 1078 3429 samam
1101 3345 1185 3408 eaim
1206 3347 1299 3410 istam

109 3497 148 3563 de
182 3496 250 3561 XII
283 3497 398 3562 tabulis
424 3497 457 3559 ia
488 3495 637 3581 Capitolio
667 3495 796 3580 sepultis
819 3495 860 3558 iis
883 3492 1038 3559 Maeoticis
1061 3494 1223 3583 debemus,
1245 3499 1299 3581 qui

109 3647 279 3736 Airqrrstiai
303 3655 487 3713 curaveram
510 3646 692 3723 editioaem‚
721 3667 813 3733 quom
833 3645 887 3710 obi
911 3645 1013 3711 Maias
1033 3645 1211 3723 subridens,
1235 3648 1301 3731 opi·

108 3822 182 3877 aar,
216 3799 398 3884 descripsit,
422 3818 543 3862 summo
567 3798 635 3862 iure
657 3797 779 3862 addidit
802 3795 935 3862 Gerrael
986 3795 1097 3861 Coatro
1120 3796 1202 3882 qaod
1221 3817 1301 3861 oaao

111 3954 201 4018 loeo
222 3972 354 4039 moyaos
376 3950 433 4014 ille
452 3950 589 4036 impease
611 3947 718 4013 orabat
738 3947 795 4013 Rei
815 3947 971 4013 Romaaee
990 3947 1193 4033 Aatiqaorioe
1207 3969 1298 4032 prae·

109 4103 230 4180 sidem,
255 4101 466 4169 clarissimum
489 4099 605 4176 Feom,
625 4109 659 4164 ut
681 4100 747 4164 siae
770 4120 858 4164 mora
881 4068 1141 4184 moestiaareatar
1160 4099 1193 4163 ia
1216 4099 1299 4166 Aede

109 4253 187 4319 Diei
213 4250 291 4318 Iulii
314 4250 481 4318 Fastorum
507 4250 750 4335 Capitoliaorum
772 4249 941 4326 latercula,
969 4249 1048 4313 serio
1078 4248 1194 4316 dietum
1217 4261 1298 4328 erat,

109 4426 168 4472 aea
197 4405 345 4483 absurde,
383 4425 454 4470 seam
487 4425 567 4468 aaao
598 4407 682 4468 1849
719 4423 752 4466 re
783 4422 855 4464 vere
877 4400 933 4464 sub
956 4400 1120 4465 ruderibus
1144 4399 1300 4467 Basilieae

110 4558 218 4624 Iuliae
249 4559 399 4645 coatiauis
424 4567 545 4623 crottum
571 4565 615 4620 cst
639 4554 802 4620 Fastorum
830 4551 959 4638 Colleoii
983 4551 1189 4620 Socerdolalis·
1213 4556 1299 4639 sarm«
