2888 5144
501 356 566 404 mn.
592 337 938 420 11.§2,3‚4‚7.
1272 335 1313 397 ts

174 527 232 595 lt.
267 529 285 613 ς
317 531 350 590 7.
399 525 640 594 Advertitiae.
687 523 755 590 Hoc
778 523 848 588 loco
872 523 975 588 notari
997 534 1100 612 potest
1124 519 1244 587 Osanni
1266 520 1314 584 in-

124 647 324 724 constantin,
350 646 405 734 qui
425 645 464 710 ad
487 645 560 710 libri
584 644 644 711 111.
670 646 688 729 ς
715 652 735 710 5
760 642 901 709 ciusdem
924 643 1070 708 vocabuli
1093 643 1228 708 formam
1239 663 1314 707 cum

126 777 142 832 t
178 767 319 834 defendit
352 779 482 856 propter
511 766 734 854 etymologiam
763 776 872 830 contro
901 763 1062 842 codicem,
1093 765 1148 852 qui
1178 775 1315 852 utroque

125 889 199 955 loco
228 902 261 955 et
292 888 365 954 libri
393 888 454 953 111.
481 890 498 972 §
524 891 566 952 48
591 890 827 952 conventreiae
849 909 907 976 per
929 910 947 951 a
970 884 1110 965 exhibet3
1138 885 1227 974 atqui
1249 907 1314 949 non

127 1021 196 1075 erut
219 1031 277 1075 cur
301 1008 361 1074 huc
386 1010 403 1092 §
428 1007 599 1097 praeferret
622 1007 809 1096 scripturum
833 1007 865 1070 in
894 1009 998 1071 icius.

175 1248 259 1314 Ibid.
309 1249 387 1314 Iam
419 1253 481 1336 qni
504 1249 660 1312 incolant
683 1269 744 1311 eas
769 1248 890 1325 nrbes,
915 1270 982 1311 non
1006 1248 1152 1311 haerent
1176 1250 1214 1309 in
1239 1249 1315 1310 sais

131 1369 291 1448 sedibus,
324 1369 389 1435 sed
416 1370 551 1433 volneri
571 1389 716 1456 semper
747 1388 808 1457 spe
832 1376 866 1431 et
889 1371 1101 1456 cogitatione
1123 1371 1317 1456 rapiuntur

130 1515 152 1554 a
177 1490 274 1555 domo
298 1491 457 1579 longia&
482 1497 588 1577 atque
615 1491 721 1552 etiam
744 1511 846 1576 qaam
867 1497 1180 1577 manentcorpore‚
1201 1491 1318 1551 animo

132 1621 247 1676 tamen
282 1618 475 1675 excurrant
509 1617 544 1673 et
578 1617 766 1698 vagantur.
827 1605 963 1674 «Codex
998 1616 1209 1685 excurrant,
1245 1629 1318 1671 mox

131 1734 252 1798 lactum
282 1732 499 1796 excertant»
529 1729 575 1794 sic
599 1728 720 1808 binius,
746 1730 801 1817 qui
823 1727 1073 1795 observationem
1098 1728 1255 1797 subnectit
1278 1727 1319 1793 dc

132 1853 186 1927 iis,
214 1852 270 1941 qui
293 1873 314 1915 r
336 1851 512 1940 exprimere
534 1872 598 1915 non
609 1861 760 1940 possunt,
781 1861 813 1915 et
834 1850 915 1915 taut
939 1850 1194 1939 spronunciunt3
1207 1867 1318 1914 rerum

105 1973 192 2039 „hoc
222 1985 288 2051 est,
320 1984 353 2038 et
381 1984 513 2060 apparet
535 1971 701 2036 librarium
725 1983 867 2036 nostrum
890 1970 952 2036 hoc
975 1970 1050 2036 ritio
1073 1969 1249 2048 laborasse,
1274 1969 1319 2034 sic

131 2093 212 2158 libro
244 2093 271 2158 l.
306 2094 324 2176 §
354 2095 375 2157 9
400 2093 552 2156 Iaeelart
574 2091 715 2181 scripsit,
740 2104 771 2157 et
794 2091 876 2156 libro
900 2091 961 2157 111.
986 2093 1006 2176 §
1035 2093 1075 2156 15
1088 2091 1209 2180 stages
1233 2089 1319 2178 quod

134 2225 292 2279 corrector
314 2212 347 2276 in
363 2212 494 2301 frages
518 2223 603 2276 recte
628 2211 820 2290 emendarit3
847 2234 906 2277 nec
929 2223 1038 2276 tamen
1063 2223 1209 2276 constans
1231 2210 1319 2276 ride-

134 2348 184 2401 tur
215 2333 347 2411 ritium,
380 2355 455 2397 nam
482 2331 563 2396 libro
587 2331 614 2396 Ι.
643 2334 661 2416 §
689 2334 732 2396 22
757 2332 812 2396 ubi
837 2334 993 2421 sphaera
1015 2332 1139 2421 saepius
1161 2332 1318 2409 occurrit,

135 2455 229 2521 semel
253 2466 378 2519 tuntum
402 2453 525 2543 spheta
546 2453 681 2542 scripsit.
731 2451 874 2518 Eundem
893 2451 1023 2517 fortusse
1042 2452 1083 2517 ob
1103 2473 1231 2516 oausam
1247 2474 1320 2542 pus-

135 2575 191 2641 sim
221 2575 256 2640 in
285 2572 347 2639 hac
377 2573 482 2639 littera
510 2573 615 2662 lapsus
645 2584 711 2637 est:
745 2572 773 2640 l.
799 2579 816 2660 §
842 2578 882 2638 31
909 2573 1159 2650 obtectatores,
1183 2571 1226 2637 11.
1254 2575 1271 2656 §
1300 2577 1320 2637 4

129 2694 250 2781 frate,
276 2694 302 2759 Ι.
327 2695 344 2777 §
371 2697 392 2758 3
412 2695 488 2758 ruit
512 2691 597 2780 quod
622 2704 800 2758 correctum
812 2693 844 2757 in
861 2693 963 2780 fait,·
985 2704 1124 2758 attamen
1143 2693 1320 2758 litterarum

137 2814 333 2881 similitudini
355 2813 522 2879 tribuerim
547 2812 591 2878 ΙΙ.
619 2814 637 2897 §
663 2815 706 2878 24
729 2824 760 2878 ct
784 2815 823 2878 31
848 2813 1067 2901 pertubatio,
1092 2824 1227 2902 utroque
1250 2814 1321 2880 loco

136 2947 312 3002 correctum
342 2933 448 3000 addita
476 2956 514 3014 r,
546 2956 672 3000 necnon
703 2934 731 3000 Ι.
760 2936 778 3019 §
804 2939 849 3000 69
871 2935 1025 3013 rebrnm,
1050 2933 1107 2999 ubi
1130 2935 1149 2998 b
1171 2959 1243 3001 mor
1268 2958 1322 3002 cr·

135 3069 253 3146 puncta
284 3067 341 3122 est.
390 3056 492 3145 Igitur
520 3068 678 3121 corrector
709 3055 818 3122 sedulo
849 3069 969 3122 rectum
1001 3058 1138 3125 restituit
1162 3057 1320 3137 litterum,

136 3189 166 3244 et
187 3177 288 3243 hocce
311 3188 436 3242 tantum
459 3176 529 3241 loco
553 3189 663 3242 contra
686 3176 839 3266 loquendi
862 3200 955 3242 usum
975 3179 1065 3268 tpro
1085 3201 1106 3242 r
1128 3178 1323 3246 emendasset

137 3299 282 3365 scilicet?
320 3296 382 3364 Sed
407 3321 472 3364 non
498 3299 541 3363 ita
565 3310 631 3377 cst,
656 3299 763 3363 locum
785 3300 963 3365 occuratius
982 3299 1120 3365 intuenti
1138 3300 1228 3366 licuit
1244 3301 1324 3367 mihi

136 3442 241 3485 reram
274 3419 371 3485 Tullii
392 3441 524 3485 manum
547 3419 702 3499 invenire3
729 3418 853 3508 fugerat
877 3419 998 3484 Maium
1022 3419 1189 3486 emendato
1208 3421 1322 3502 lectio,

137 3542 246 3630 spretis
268 3541 395 3630 punctis
418 3540 539 3618 tribus,
564 3540 597 3604 in
622 3561 758 3627 quorum
782 3538 895 3604 ultimo
909 3539 1078 3630 Augustini
1097 3543 1325 3608 tabernacula

137 3661 236 3749 posita
277 3673 363 3741 sunt3
407 3661 495 3726 rerbi
534 3668 727 3725 excurrant
757 3673 913 3750 expuncta
943 3673 990 3727 est
1021 3685 1039 3726 c
1071 3674 1103 3727 et
1136 3675 1271 3751 utraque
1304 3687 1326 3727 r

139 3781 253 3871 quibus
282 3784 297 3846 l
320 3780 537 3872 superaddita,
561 3793 597 3846 ut
616 3781 707 3847 lieret
727 3782 892 3860 exulant,
919 3781 1003 3870 quod
1031 3782 1102 3848 loco
1129 3784 1325 3873 aptissimum

138 3926 225 3992 spero
249 3903 318 3968 fore
342 3914 378 3967 ut
401 3903 500 3968 textui
523 3901 657 3968 reddunt
680 3902 780 3967 futuri
803 3893 949 3969 editores.
999 3903 1146 3991 Denique
1163 3926 1204 3969 ne
1224 3904 1324 3970 offen·

138 4021 190 4087 det
213 4023 369 4111 scriptura
393 4022 459 4093 sinc
480 4045 498 4086 s
520 4035 650 4113 propter
673 4024 838 4088 exsilium
862 4023 888 4088 Ι.
917 4027 935 4108 §
962 4028 982 4089 6
1002 4037 1034 4089 ct
1055 4024 1158 4088 ensrd
1167 4024 1210 4089 ΙΙ.
1225 4027 1243 4109 §
1261 4029 1323 4105 46,

138 4143 222 4210 iuret
245 4143 367 4208 librarii
385 4142 630 4208 inconstantium
641 4156 770 4224 notare,
793 4144 964 4210 numidam
982 4145 1074 4211 illel.
1097 4146 1116 4228 §
1138 4120 1182 4210 62
1202 4147 1324 4237 scripsit

140 4265 284 4329 exitium
307 4275 338 4330 et
363 4265 537 4353 ennltare.

183 4507 238 4572 vl.
272 4509 289 4591 §
324 4507 375 4571 ll.
423 4505 548 4571 locam
576 4505 707 4595 detegit
729 4505 926 4593 (condendae
950 4506 1083 4594 Romae)
1110 4517 1144 4573 ct
1159 4509 1321 4596 fontibus

140 4627 369 4694 abundantem
403 4637 436 4692 et
467 4633 504 4693 in
536 4633 675 4717 regione
696 4631 886 4719 pestilenti
909 4631 1091 4695 salubrem.
1141 4631 1221 4697 «Ex
1245 4657 1322 4699 con-
