2888 5144
408 1068 468 1183 A.
507 1067 717 1184 Puastt
754 1067 983 1185 abacti

528 1318 618 1385 SAT.
646 1321 672 1386 Ι.
700 1322 869 1386 53-104.

175 1534 221 1604 tu
246 1535 343 1605 oon.
369 1536 563 1604 saumas.
589 1536 730 1604 virro
758 1537 814 1604 ru.
842 1542 950 1617 5750,
975 1560 1048 1626 pag.
1075 1536 1222 1605 aza-ar.

615 1826 791 1851 ''WWWMW

149 2045 238 2112 Inter
261 2048 384 2115 codices
408 2052 574 2140 rescriptos
597 2074 615 2117 e
638 2050 831 2119 bibliotheca
856 2051 889 2117 S.
918 2049 1108 2117 Columbani
1131 2050 1171 2116 dc
1193 2049 1293 2115 Bobio

101 2165 170 2230 duo
195 2180 337 2248 exstant,
362 2171 530 2259 inquibus
552 2169 687 2236 Concilii
706 2173 801 2261 primi
823 2171 1086 2239 Chalcedonensis
1110 2172 1224 2260 scripta
1247 2183 1294 2236 est

99 2287 234 2367 relatio,
268 2312 404 2377 quorum
428 2313 510 2355 unus
530 2292 563 2355 in
585 2290 782 2357 Bibliotheca
804 2291 1010 2357 Ambrosiana
1032 2304 1191 2369 servatur,
1216 2290 1294 2357 dum

100 2395 338 2475 alterllomam
363 2410 510 2477 derectus
534 2412 568 2475 in
588 2411 785 2477 Bibliotheca
799 2412 952 2477 Vaticana
972 2412 1028 2478 N⁰.
1052 2417 1141 2477 5750
1154 2412 1294 2500 signatus

99 2541 163 2594 est.
213 2527 387 2620 Compositi
420 2545 492 2597 sunt
528 2532 576 2596 illi
612 2531 686 2596 libri
718 2555 736 2596 e
767 2532 848 2597 foliis
880 2532 995 2597 ablutis
1027 2545 1100 2597 ante
1131 2531 1294 2598 saeculum

98 2648 284 2730 decimum,
316 2665 352 2716 ut
380 2653 425 2741 pii
452 2650 571 2718 scilicet
594 2653 646 2717 isti
668 2652 816 2717 monachi
840 2652 1001 2732 solebant,
1027 2654 1061 2717 in
1084 2675 1178 2717 suum
1200 2674 1293 2717 usum

97 2783 259 2836 vertentes
291 2772 493 2838 classicorum
523 2774 695 2838 volumina.
746 2772 885 2862 Angelus
914 2773 1014 2838 Maius
1038 2772 1071 2836 in
1095 2771 1200 2837 lucem
1223 2794 1293 2861 pro·

98 2891 198 2956 traxit
221 2916 239 2957 e
264 2891 406 2959 Concilio
426 2893 481 2958 illo
501 2895 668 2959 Frontonis
688 2907 720 2960 ct
737 2894 836 2960 Marci
857 2893 978 2959 Aurelii
996 2892 1171 2982 Epistolas,
1192 2891 1294 2958 Scho-

95 3011 227 3077 liastem
247 3013 280 3077 in
302 3011 507 3094 Ciceronem,
533 3014 721 3080 Bobiensem
745 3037 841 3104 quem
853 3013 981 3092 dicunt,
1007 3013 1191 3101 Symmachi
1204 3014 1296 3103 Epis·

97 3131 203 3209 tolas,
227 3156 362 3221 quarum
382 3137 523 3200 omnium
546 3147 655 3224 postea
679 3133 760 3199 daho
785 3134 981 3200 Varietatem
1005 3135 1184 3213 Lectionis,
1209 3158 1296 3200 nunc

96 3275 178 3318 vcro
213 3276 314 3320 unum
349 3254 429 3320 illud
464 3254 595 3334 folium,
633 3254 718 3343 quod
754 3254 851 3320 Persii
875 3246 997 3322 Satirae
1021 3255 1036 3320 l
1059 3278 1176 3345 paucos
1202 3279 1297 3345 quos·

98 3373 179 3438 dam
213 3398 339 3454 tersus,
375 3378 554 3454 53-104,
587 3374 732 3453 exhibet,
771 3388 818 3440 cst
853 3375 969 3441 codicis
1002 3399 1075 3465 pag.
1110 3380 1153 3442 63
1185 3390 1217 3442 et
1248 3401 1296 3443 se-

99 3516 226 3582 quens,
262 3495 422 3584 proferam
453 3496 629 3560 accuratius
662 3494 813 3560 collatum
846 3518 919 3560 cum
947 3496 1114 3561 norissima
1139 3495 1177 3563 0.
1205 3497 1297 3562 lahni

99 3613 255 3681 editione.

149 3735 248 3801 Persii
271 3733 389 3802 Satiras
414 3737 453 3802 ab
477 3738 588 3804 eodem
611 3738 739 3804 librario
760 3737 947 3803 crediderim
969 3749 1128 3818 exaratas,
1150 3762 1187 3804 cx
1208 3738 1298 3804 cuius

98 3856 262 3923 Iuvenalis
297 3858 440 3947 exemplo
469 3882 570 3924 unum
601 3872 726 3924 tantum
756 3857 869 3923 folium
899 3857 984 3923 idem
1015 3859 1147 3924 servarit
1178 3858 1295 3938 codex,

99 3977 190 4066 quod
222 3978 324 4043 Maius
356 3993 501 4046 accurate
532 3980 630 4046 incidi
659 3981 793 4060 curarit3
825 3981 858 4044 in
890 3979 1087 4044 Praefatione
1124 3980 1212 4045 Tom.
1250 3979 1295 4046 llI

100 4096 270 4164 Classicor.
310 4097 440 4164 Auctor.
485 4113 594 4166 exstat.
651 4100 815 4192 Scriptura
845 4113 891 4166 est
923 4099 1074 4188 quadrata
1107 4101 1296 4190 perantiqua

99 4218 177 4284 solis
200 4220 382 4285 maiusculis
399 4220 579 4310 diligentius
601 4245 697 4309 quam
716 4220 912 4287 emendatius
934 4233 1075 4299 exarata,
1098 4244 1178 4311 quae
1199 4245 1303 4311 quare

98 4354 174 4406 tum
205 4340 367 4406 sacculum
400 4341 460 4405 sibi
489 4341 649 4406 vindicare
677 4341 802 4406 ridetur
823 4353 952 4430 propter
975 4365 1124 4431 magnam
1148 4343 1295 4408 similitu·

100 4459 211 4526 dinem
244 4484 318 4526 cum
349 4462 480 4552 Virgilio
512 4462 654 4528 Mediceo
686 4462 808 4527 etiamsi
839 4462 934 4551 paulo
964 4463 1065 4527 maior
1096 4476 1127 4528 et
1151 4463 1296 4529 nonnihil
1369 4476 1378 4488 '

104 4581 255 4659 crassior3
288 4580 357 4648 ride
387 4583 466 4648 Fet
492 4583 519 4648 Y
545 4595 663 4651 ceteras
686 4606 832 4651 mensura
858 4597 1060 4673 superantes,
1085 4585 1218 4660 formam
1244 4584 1294 4662 H,
