2888 5144
150 311 190 371 42
525 324 643 374 crcrno
668 326 711 373 or
736 329 778 376 nr
803 329 956 377 normes.

145 496 241 562 rubro
273 495 377 562 colore
408 509 548 562 orarias
578 497 739 565 Bobiensis
766 498 940 567 monachus
966 500 1011 564 ita
1042 497 1162 579 abluis,
1192 514 1228 568 ut
1249 524 1336 594 aqua

145 639 257 684 sucum
290 617 384 683 istum
421 629 524 683 totum
559 618 736 688 abstulerit.
783 619 883 708 Atqui
906 620 1118 689 revocandum
1142 623 1203 689 erit
1226 624 1336 692 adhuc

145 740 280 804 auctoris
302 760 437 817 nomen,
465 751 496 805 et
519 738 630 805 titulus
653 741 698 807 sic
721 739 963 829 refingendusr'

564 1001 615 1048 .M.
645 999 759 1048 rm!
782 999 910 1049 clean.
1018 1038 1020 1045 .

589 1118 633 1168 ΒΕ
657 1121 711 1168 RE.
737 1120 881 1169 Pvnuca

584 1276 587 1282 -
625 1242 694 1291 nic.
720 1242 787 1289 als.
814 1243 840 1290 11

585 1363 875 1412 FELICITER.

148 1641 156 1655 .
183 1587 258 1679 cap.
292 1587 320 1653 l.
353 1588 373 1671 ξ
402 1589 434 1650 2.
487 1585 588 1674 (laod
617 1586 757 1651 inillis
790 1587 925 1676 singuli
944 1585 1108 1672 fuissent
1129 1586 1234 1673 fere,
1265 1594 1329 1678 qui

138 1732 236 1774 suain
267 1711 414 1796 quisque
442 1727 514 1771 rem
530 1703 709 1796 publicam
733 1710 1012 1773 constituissent.
1061 1705 1200 1775 «codex
1224 1710 1327 1800 prima

136 1850 235 1894 manu
253 1831 315 1917 qui
344 1837 376 1890 at
407 1825 545 1893 secunda
568 1849 756 1916 quorum.»
799 1827 915 1908 Maium
942 1829 1007 1896 imo
1031 1828 1117 1918 quod
1138 1830 1242 1919 primo
1265 1831 1328 1899 fuit

137 1965 195 2035 qur
218 1956 396 2018 correctum
416 1956 463 2011 est
483 1944 517 2008 in
541 1920 648 2033 quiris,
673 1944 727 2012 sed
750 1957 859 2035 postea
882 1947 927 2013 ita
948 1971 1073 2015 erasum
1084 1996 1093 2027 ,
1112 1959 1149 2015 ut
1166 1948 1326 2038 legeretur

136 2085 213 2155 qur,
245 2063 331 2155 quod
362 2065 423 2132 nisi
451 2064 575 2131 duobus
606 2066 835 2133 correctoribus
858 2067 998 2147 tribuas,
1024 2091 1042 2133 a
1066 2067 1203 2134 secunda
1226 2093 1324 2139 manu

134 2186 337 2253 emendatum
361 2185 446 2268 dicas
458 2233 467 2264 ,
492 2185 624 2252 simulac
646 2185 765 2253 viderat
788 2187 843 2254 ille
865 2188 973 2255 locum
996 2191 1029 2256 in
1053 2189 1143 2278 peius
1162 2212 1229 2258 asse
1249 2213 1322 2259 mu·

134 2319 248 2374 tatum.

180 2552 211 2636 §.
245 2556 279 2617 3.
331 2549 442 2637 (luam
474 2550 512 2614 ol
542 2572 636 2630 rem,
657 2559 707 2617 al
742 2549 849 2640 (Cato)
881 2553 943 2618 ille
971 2551 1122 2630 solebat,
1155 2554 1209 2616 iia
1231 2576 1323 2620 nunc,

131 2694 207 2735 mea
242 2678 377 2762 repetet
412 2674 527 2737 oratio
555 2672 684 2763 populi
715 2676 909 2763 originem,
944 2709 990 2722 -
1014 2671 1171 2760 facilius
1205 2682 1320 2739 aulem

132 2791 225 2879 quod
253 2799 308 2855 cst
329 2794 552 2881 propositum
576 2813 788 2879 consequar,
813 2796 848 2856 si
870 2801 1027 2857 nostram
1051 2793 1320 2881 rempublicam

132 2912 226 2975 volis
251 2919 285 2975 et
309 2919 506 2975 nascentem
527 2918 565 2982 ,et
588 2919 796 2975 crescentem
820 2912 1022 2990 ostendero,
1047 2934 1151 3001 quam
1175 2917 1210 2977 si
1232 2915 1321 2978 milri

131 3026 288 3119 aliquam
324 3033 401 3121 ipse
425 3031 582 3118 finnero.
630 3030 704 3097 Non
738 3054 866 3120 possum
901 3033 979 3120 quin
1002 3033 1174 3098 rescribam
1189 3034 1320 3124 populi

131 3150 283 3216 Romani
313 3154 500 3241 originem,
536 3151 621 3241 quod
651 3153 807 3218 sententia
832 3153 993 3241 requirere
1015 3153 1095 3219 mihi
1118 3153 1262 3234 videtur,
1287 3168 1319 3222 et

130 3271 235 3336 innuit
252 3269 484 3360 quodammodo
498 3271 670 3338 Vaticanus
689 3272 789 3352 liber,
812 3274 867 3362 qui
878 3272 1315 3364 habetpopuliririginem,

130 3391 183 3457 sed
216 3392 359 3458 restituta
385 3415 459 3459 vera
482 3393 619 3459 lectione
641 3397 831 3484 originem,
856 3417 943 3460 erasa
968 3407 1014 3460 est
1037 3394 1123 3484 prior
1145 3394 1251 3461 littera
1274 3418 1314 3474 r,

129 3534 226 3602 quam
260 3513 397 3579 retinere
433 3513 614 3595 maluerim3
652 3514 785 3581 verbum
817 3513 995 3580 Romanus
1017 3536 1075 3604 per
1096 3515 1273 3605 simplicem
1296 3539 1317 3581 r

130 3633 318 3724 significarit
339 3631 425 3700 idem
448 3645 556 3701 nostor
577 3634 724 3702 librarius
748 3637 766 3719 §
791 3639 835 3701 30
858 3647 891 3701 ct
913 3633 970 3701 lib.
995 3632 1041 3700 Π.
1067 3636 1085 3719 §
1111 3638 1167 3702 36.

172 3875 215 3943 11.
243 3879 261 3961 §
287 3880 318 3942 4.
366 3876 513 3942 Dicitur
547 3876 590 3940 ab
612 3876 753 3943 Amulio
776 3898 857 3965 rege
880 3875 1015 3942 Albaue
1039 3879 1167 3966 erponi
1193 3880 1314 3946 iussus

128 4019 215 4063 esse.
264 3996 317 4064 Sic
345 3995 485 4063 secunda
514 4019 647 4092 manus,
677 4018 737 4063 neo
769 3995 856 4063 aliud
886 3997 988 4086 prima
1016 3994 1160 4077 dederam
1192 3997 1314 4067 fallitur

127 4117 212 4183 enim
235 4117 338 4184 Maius
360 4117 468 4185 dicens
486 4119 608 4210 primae
626 4140 741 4184 manus
758 4141 824 4184 esse
843 4117 986 4198 Auula,
1008 4141 1089 4208 quae
1110 4142 1211 4208 quum
1228 4123 1314 4190 malo

125 4237 321 4304 disseruisset
351 4239 525 4331 Amullio,
557 4240 601 4305 sio
628 4251 770 4305 correcta
793 4251 861 4318 est,
886 4251 922 4304 ut
945 4261 1032 4306 erasa
1056 4241 1129 4305 lex
1153 4244 1168 4304 i
1191 4241 1315 4339 factal

125 4371 157 4427 et
180 4356 379 4448 superaddita
402 4359 498 4426 fuerit
526 4363 550 4426 i.
598 4359 700 4426 Multa
723 4359 817 4426 huius
840 4360 963 4450 generis
987 4360 1129 4451 exempla
1152 4361 1186 4427 in
1209 4364 1311 4432 roric·

124 4493 188 4547 tate
212 4479 355 4546 lectionis
378 4479 518 4549 invenies
539 4494 667 4561 notata,
693 4496 729 4549 ut
752 4484 789 4550 iis
812 4506 933 4550 morem
956 4504 1082 4572 geram,
1108 4483 1164 4570 qui
1186 4485 1309 4551 minora

124 4603 182 4667 ista
205 4625 269 4667 non
293 4600 469 4692 spernenda
493 4626 557 4687 csse
582 4617 740 4671 censeant.
