2888 5144
442 325 609 372 aorrmou
635 324 730 372 sarrs
753 323 878 370 aaron.
907 324 996 371 runo.
1251 308 1310 370 141

127 519 206 572 con,
253 497 392 572 circum,
435 508 520 574 ante;
535 520 554 558 »
598 517 706 560 rerum
748 496 847 560 Maius
891 495 938 558 his
975 493 1075 558 verbis
1111 493 1309 582 defungitur:
1412 572 1416 579 ⁶

128 615 313 681 «hactenus
344 616 533 703 exscriptum
563 616 643 693 fuit,
675 638 776 703 pauca
796 617 924 703 insuper
947 627 978 680 et
1009 612 1138 703 quidem
1160 615 1313 704 pleraque

128 736 324 814 oblitterata,
366 738 398 800 in
436 734 543 803 codice
578 749 797 825 supererant.»
845 735 958 801 Ultimi
988 734 1056 799 folii
1091 735 1244 823 scriptura
1279 737 1312 799 in
1381 747 1384 752 ’

126 858 242 946 pagina
274 879 362 922 rersa
389 857 432 921 ita
463 857 640 922 oblitterata
668 870 735 934 est,
752 911 754 914 ,
769 870 803 921 ut
835 857 912 921 duas
940 868 1065 920 tantum
1092 877 1182 921 voces
1209 855 1313 944 legere

127 977 285 1066 potuerim
318 977 351 1041 in
382 976 492 1041 limine
523 978 673 1065 paginae,
706 989 815 1042 contra
841 978 874 1041 in
898 975 973 1041 lolio
997 989 1083 1042 recto
1108 975 1224 1064 absque
1249 975 1314 1040 ulla

128 1096 315 1163 difficultate
347 1094 409 1185 legi
439 1097 650 1186 particulam,
678 1120 773 1186 quam
796 1097 900 1161 omisit
923 1098 971 1174 is,
996 1098 1051 1185 qui
1076 1096 1159 1163 ltlaio
1181 1119 1314 1186 apogra-

128 1217 228 1308 phum
251 1216 448 1294 confecerat,
473 1218 575 1305 operis
594 1230 774 1307 pertaesus,
796 1218 917 1307 opinor.
969 1218 1070 1301 Quem
1090 1216 1195 1281 locum
1218 1239 1314 1282 accu-

130 1353 196 1405 rate
219 1338 412 1426 descriptum
435 1336 488 1402 hic
511 1336 658 1402 exhibere
682 1336 770 1403 libet.

645 1548 793 1560 -ψ-ψ--οι

171 1699 243 1764 «Ex
273 1699 461 1788 praepositio
491 1699 651 1764 interdum
688 1723 728 1763 n.
754 1699 892 1764 litteram
916 1698 1027 1761 autin
1055 1697 1088 1761 .f.
1116 1709 1310 1774 commutat,

128 1832 163 1885 ut
176 1821 202 1907 ¹)
235 1818 370 1896 effatur,
402 1818 554 1897 effabilis,
586 1819 670 1884 ferus
695 1819 830 1898 efferus,
854 1818 995 1884 frenatus
1019 1816 1208 1895 effrenatus,
1232 1816 1313 1883 facio

129 1940 252 2018 efficio,
281 1938 382 2005 factus
414 1939 564 2017 effectus,
598 1952 652 2004 aut
683 1963 719 2005 er
748 1941 871 2028 integra
893 1951 1001 2003 manet
1025 1950 1056 2002 et
1079 1935 1220 2002 subiecta
1244 1960 1314 2003 cor·

127 2072 336 2151 rumpuntur,
357 2072 394 2125 nt
413 2061 722 2140 aestimo'eristimo,
742 2082 838 2149 carpo
859 2081 1010 2148 excerpo,
1032 2080 1152 2146 quaero
1166 2059 1313 2147 exquiro,

127 2193 183 2249 ant
203 2180 335 2246 omuino
358 2180 470 2247 eadem
492 2181 598 2247 littera
621 2181 757 2261 carebit,
779 2195 814 2247 ut
831 2181 991 2270 egredior,
1016 2202 1177 2269 egressus,
1196 2201 1315 2269 emano

125 2302 291 2381 emanavi,
317 2300 465 2380 elimino,
490 2301 671 2380 eliminavi,
695 2301 798 2380 elido,
822 2301 901 2367 elisi.
951 2300 1001 2365 Ad
1024 2300 1213 2389 praepositio
1241 2323 1315 2389 sepe

128 2424 259 2490 finalem
285 2422 329 2488 .d.
354 2420 531 2510 litteram²)
557 2421 690 2488 eandem
715 2423 869 2488 convertit
892 2421 1030 2486 litteram
1054 2443 1072 2485 a
1096 2442 1159 2508 qua
1182 2442 1315 2509 sequens

126 2565 198 2634 pars
219 2543 367 2608 orationis
388 2542 536 2619 inchoat,
560 2554 596 2606 ut
620 2541 716 2607 caedo
741 2540 857 2607 accedo
880 2564 945 2607 non
966 2540 1101 2618 adcedo,
1123 2541 1239 2604 accessi
1251 2563 1316 2606 non

125 2663 264 2742 adcessi,
288 2663 334 2729 sic
356 2664 477 2752 accipio
488 2712 498 2743 ,
522 2662 707 2742 accumulo,
732 2663 859 2742 aceolo,
884 2663 1033 2750 accingo,
1059 2673 1091 2726 ct
1105 2660 1220 2727 similia
1237 2661 1316 2727 item

127 2797 301 2873 utrumque
324 2795 573 2873 corrumpuntur
596 2782 635 2847 ad
658 2783 785 2872 spiritus
808 2795 840 2848 et
862 2781 1056 2870 subsequens
1074 2803 1146 2871 pars
1167 2781 1315 2847 orationis

127 2919 164 2971 ut
193 2918 305 2971 cantus
329 2916 488 2970 accentus.
534 2905 616 2970 Item
640 2903 810 2993 aliquando
836 2903 879 2968 .d.
905 2902 1011 2968 littera
1033 2901 1067 2966 in
1094 2912 1129 2966 .t.
1156 2913 1315 2966 transmu-

127 3038 215 3091 tatur
248 3038 285 3091 nt
318 3025 447 3105 attollo,
482 3024 594 3105 attuli,
631 3026 778 3104 attritus,
813 3023 975 3090 interdum
1005 3021 1116 3087 transit
1146 3021 1180 3087 in
1212 3045 1254 3112 .p.
1280 3034 1315 3087 ut

130 3168 276 3238 appono,
302 3146 460 3236 approbo,
486 3146 630 3236 appello,
654 3168 897 3234 nonnumquam
918 3146 952 3209 in
976 3143 1008 3208 .l.
1033 3155 1070 3210 ut
1096 3142 1160 3209 hdo
1171 3193 1181 3224 ‚
1208 3143 1315 3228 allidp,
1429 3186 1432 3190 ,

128 3264 230 3346 allisi,
261 3267 373 3356 alligo,
406 3265 536 3345 allatus,
564 3279 705 3333 mutatur
728 3279 761 3332 et
783 3267 816 3331 in
843 3289 881 3332 .r.
907 3278 940 3331 et
963 3264 1146 3358 altrinsecus
1165 3262 1173 3353 Ι
1194 3265 1220 3350 ³)
1246 3286 1316 3330 ocr-

130 3402 323 3478 rumpnntur
345 3399 449 3477 partes
461 3438 468 3452 .
482 3438 489 3452 .
504 3436 511 3453 .
526 3410 566 3452 .>›

175 3595 315 3686 Apparet
346 3617 420 3684 ergo
452 3617 488 3664 ex
517 3594 579 3661 hoc
607 3594 676 3659 loeo
701 3593 866 3659 cuiusnam
890 3593 1067 3684 argumenti
1091 3593 1129 3658 sit
1153 3590 1209 3685 id,
1232 3593 1316 3682 quod

131 3717 206 3783 latet
229 3717 262 3780 in
286 3715 398 3783 ultima
420 3716 537 3781 codicis
558 3716 693 3809 pagina,
719 3714 773 3781 sed
786 3703 941 3781 Bonifacii
954 3713 1037 3785 Artis
1050 3713 1122 3779 finis
1135 3712 1230 3780 simul
1242 3736 1316 3779 cum

131 3837 191 3905 alia
214 3837 399 3905 membrana
418 3837 600 3916 interierat,
624 3859 698 3903 nam
722 3837 755 3904 in
777 3835 883 3903 media
906 3835 1059 3903 sententia
1078 3833 1315 3902 desinitfolium
1429 3876 1433 3887 ·

132 3973 293 4036 nostrum,
319 3970 354 4024 ut
377 3983 395 4024 e
418 3960 554 4049 vestigiis
578 3959 733 4024 coniicere
757 3958 840 4023 licet.

164 4250 197 4318 l)
218 4246 285 4301 ssed.
306 4256 362 4304 oet.
402 4251 432 4319 2)
452 4246 524 4302 Adde
543 4249 578 4303 iu.
619 4254 648 4321 3)
668 4249 721 4303 llol.
744 4258 808 4302 sert.

633 4536 821 4562 *aa-0...-
