2888 5144
371 350 435 396 na.
461 329 503 394 11.
529 332 548 413 ς
572 333 627 406 37,
655 331 717 408 40,
744 335 807 409 43,
833 336 896 408 sa,
924 337 986 410 54,
1012 337 1065 396 55.
1264 339 1304 400 47

121 544 205 613 rege
228 529 300 600 est,
326 523 364 584 in
382 522 580 607 primisque
601 518 760 584 libertas.
798 517 1030 585 «Vocabulum
1050 526 1112 609 qui
1133 544 1150 586 a
1170 520 1308 587 secunda

121 666 223 711 manu
246 640 420 707 additum»
445 640 546 708 liuius
570 641 707 730 recepit,
732 651 817 706 reete
837 638 921 728 quod
942 643 1114 731 reposuerit
1133 664 1306 733 pronomen

123 787 188 854 quo
219 785 326 829 carere
360 782 425 826 non
458 781 644 849 possumus,
677 782 842 849 perperam
872 774 982 826 contra
1013 762 1168 829 secundae
1198 762 1308 827 manui

121 885 254 962 tribuit,
287 881 457 948 correctori
479 903 614 970 nempe,
640 879 725 968 quod
749 880 886 946 Tulliani
911 882 984 947 libri
1005 883 1214 962 annihilator,
1241 881 1309 947 Au-

120 1005 242 1094 gustini
272 1001 343 1070 dieo
375 1003 558 1083 librarium,
583 1002 740 1090 scripserit
763 1005 877 1089 «quia
901 1002 1091 1071 holocaustis
1114 1027 1179 1071 non
1202 1003 1308 1071 dalee-

33 1206 36 1213 .
120 1138 274 1192 tantur.»

169 1363 271 1431 XXX.
310 1366 328 1448 §
366 1367 418 1429 62.
468 1362 584 1451 (Plato)
619 1365 798 1427 civitatem
827 1363 1017 1449 aptandam
1048 1370 1182 1456 magis,
1207 1328 1310 1456 quain

123 1483 357 1574 sperandm,
380 1507 485 1572 quam
509 1485 687 1548 maiorum
708 1485 850 1570 posuit,
875 1505 943 1547 non
966 1507 1056 1572 quae
1072 1491 1191 1573 possit
1213 1510 1308 1568 esre,

123 1605 190 1672 sed
225 1611 264 1671 in
293 1627 365 1693 qua
393 1608 490 1669 ratio
518 1625 636 1668 rerum
660 1603 817 1668 civilium
834 1607 1000 1692 perspici
1020 1614 1160 1692 posset,
1186 1606 1309 1696 efferii.

124 1725 273 1794 0sounus
303 1748 363 1816 pro
394 1728 514 1814 possit
546 1746 622 1790 erse
653 1735 782 1814 propter
819 1745 954 1811 sequens
980 1730 1146 1813 perspici,
1169 1738 1310 1814 posset,

123 1848 262 1913 restituit
282 1855 423 1935 posset,
448 1858 533 1911 reete
552 1845 695 1925 omnino;
719 1843 820 1909 Maius
839 1843 901 1909 hoo
920 1845 1024 1912 faeere
1043 1849 1212 1936 potuisset,
1237 1872 1311 1914 nam

123 1968 207 2036 bene
229 1968 371 2035 cernitur
392 1967 504 2034 eadem
527 1966 684 2034 secundae
706 1987 819 2030 manus
842 1967 1008 2032 eorrectio.

170 2208 252 2275 thid.
301 2208 430 2298 Itaque
463 2216 503 2272 ut
534 2217 605 2273 tum
641 2230 764 2273 carere
787 2230 888 2298 rege,
915 2213 967 2273 sic
986 2210 1092 2296 pulso
1117 2210 1312 2299 Tarquinio

124 2351 247 2397 nomen
265 2333 364 2420 regie
382 2329 511 2395 audire
530 2351 597 2394 reon
613 2337 758 2416 poterat
777 2327 950 2419 (populus).
975 2329 1111 2396 Notetur
1128 2333 1312 2398 correctoris

124 2472 233 2531 error,
285 2472 360 2517 nam
407 2471 506 2539 quum
548 2451 650 2540 prima
689 2472 801 2515 manus
841 2449 970 2516 dederat
1006 2447 1143 2538 canelre
1189 2475 1311 2541 reges,

127 2572 225 2639 altera
259 2572 354 2638 erasit
388 2594 423 2650 s,
460 2570 617 2637 secundae
650 2569 791 2658 syllabae
814 2571 1032 2660 suprascripsit
1057 2593 1118 2650 re,
1143 2574 1310 2660 expunxit·

126 2714 193 2782 que
220 2693 371 2759 ultimum
399 2691 479 2758 illud
503 2714 562 2770 re,
587 2690 643 2757 ubi
666 2713 708 2756 ne
730 2690 907 2757 tollendum
931 2704 1007 2757 erat.
1057 2690 1201 2758 Similem
1225 2716 1311 2758 erro·

128 2831 194 2880 rem
216 2814 298 2880 forte
322 2813 390 2879 aliis
414 2835 542 2903 quoque
564 2813 640 2879 loois
664 2813 829 2878 commisit.

173 3054 291 3121 XXXI.
319 3055 337 3140 §
362 3057 414 3120 54.
466 3054 568 3143 Quod
585 3055 766 3142 proditum
790 3057 954 3120 memorio
975 3063 1038 3118 est.
1075 3051 1200 3119 codicis
1219 3057 1313 3146 scrip·

127 3187 206 3241 tum·
221 3177 443 3240 memoriaest
465 3175 532 3240 sine
555 3174 651 3241 dubio
674 3175 816 3242 dativum
838 3174 969 3266 praebet
991 3173 1067 3240 elisa
1080 3174 1314 3242 litteraeverbi

126 3295 306 3385 sequentis,
335 3305 371 3359 ut
397 3306 482 3360 reeta
505 3295 635 3359 omnino
656 3293 801 3361 Osannus
817 3297 955 3376 monuit3
979 3318 1053 3360 nam
1068 3296 1182 3385 passim
1202 3296 1313 3363 eadem

127 3415 216 3482 elisio
234 3415 373 3479 occurrit
394 3413 428 3478 in
451 3425 557 3478 nostro
581 3413 680 3492 libro,
707 3414 749 3480 11.
774 3418 793 3500 §
822 3419 883 3495 37,
909 3420 970 3496 60,
997 3421 1063 3496 54,
1089 3419 1132 3481 59
1155 3416 1222 3496 bis,
1248 3421 1312 3497 60,

127 3537 193 3615 61,
224 3537 289 3613 63,
320 3533 505 3618 so,111.§
531 3535 592 3612 12,
620 3536 682 3613 17,
708 3525 836 3614 41,'V.
863 3538 880 3620 §
906 3541 947 3615 7,
976 3559 1100 3602 necnon
1124 3536 1172 3602 his
1196 3539 1314 3604 loeisa

127 3662 149 3725 2
173 3678 271 3722 manu
295 3654 442 3720 mosem
465 3636 585 3720 senices
608 3654 633 3719 1.
659 3656 677 3739 ς
700 3646 763 3734 53,
788 3655 944 3741 11.§1s,
969 3661 1033 3736 29,
1059 3657 1119 3724 111.
1137 3661 1154 3743 s
1172 3661 1233 3738 re,
1256 3662 1311 3726 2⁷.

129 3777 228 3867 Atqui
259 3799 296 3844 er
326 3775 501 3841 minoribus
528 3776 700 3865 scripturae
730 3775 914 3842 differentiis
944 3777 1039 3843 lectio
1070 3800 1312 3868 nonnumquam

127 3900 268 3964 frustum
292 3897 436 3987 percipit.

173 4142 194 4226 §
231 4143 286 4206 55.
337 4135 387 4204 Ut
421 4160 482 4228 ego
519 4138 656 4228 quidem
692 4141 864 4230 intelligo.
914 4139 1016 4205 Maius
1050 4162 1114 4206 non
1147 4156 1314 4209 monuerat

126 4261 263 4350 primam
292 4281 424 4325 manum
455 4257 576 4326 dedisse
606 4260 782 4348 equidem,
817 4260 902 4350 quod
924 4260 1009 4326 haud
1033 4261 1077 4326 ita
1101 4263 1312 4352 spernendum

127 4403 194 4446 esse
216 4379 352 4447 ridetur.
444 4400 448 4407 ·

175 4622 323 4690 XXXVI.
359 4625 377 4706 §
412 4624 469 4690 61.
517 4621 619 4687 Irrita
650 4625 746 4687 ratio
770 4633 840 4705 est,
872 4633 910 4688 ut
934 4634 968 4688 et
995 4625 1152 4689 consules
1182 4634 1215 4689 et
1246 4627 1313 4687 tri·
