2888 5144
476 344 541 392 ure.
568 326 596 390 Ι.
624 329 641 410 §
668 332 706 403 3,
734 333 770 405 t,
797 335 833 405 5,
859 333 899 407 6,
926 333 978 395 10.
1275 333 1319 396 38

175 512 261 582 lbid.
308 512 517 604 Prium'pum
553 515 694 595 caedes,
731 518 787 582 uel
817 537 933 582 eorum
963 518 1149 582 multorum
1171 525 1316 607 pestes,

130 657 221 726 quoe
241 634 369 725 paullo
395 642 482 724 post
515 645 654 701 secutae
684 646 779 703 sunt.
827 637 993 727 Proposuit
1024 634 1169 704 0saunus
1193 661 1256 728 pr.
1287 662 1316 705 e.

129 756 295 820 mamm
326 756 511 819 multorum
541 765 682 846 pestes,
718 741 844 847 praeter
873 758 935 822 ulia
965 757 1026 823 hoc
1056 780 1185 848 quoque
1220 781 1318 848 argu·

130 886 238 942 mento
261 874 374 954 allato,
394 887 504 964 patere
523 877 697 967 unicuique
721 876 837 943 codicis
861 878 1041 968 exemplum
1060 902 1078 943 a
1098 878 1182 946 Maio
1194 879 1317 945 exhibi-

129 1007 199 1062 tum
220 996 360 1062 intuenti
382 1018 439 1086 pro
463 1014 482 1062 ι
505 996 600 1062 facile
623 1017 643 1062 u
666 997 762 1063 scribi
784 997 833 1062 rel
855 997 919 1087 legi
936 998 1086 1087 potuisse.
1134 998 1316 1066 Vehemen-

128 1129 176 1184 ter
205 1139 310 1206 nego,
340 1139 416 1182 nam
446 1139 552 1182 versus
580 1125 600 1182 t
623 1112 746 1183 Codicis
769 1117 837 1183 folii
860 1121 900 1184 61
929 1130 984 1182 aut
1006 1140 1112 1184 tersus
1138 1121 1154 1184 1
1179 1120 1248 1185 folii
1272 1123 1312 1185 51

127 1237 281 1304 evincunt
314 1237 379 1303 fere
414 1234 499 1302 idem
533 1260 600 1303 esse
635 1237 803 1304 discrimen
834 1239 867 1303 in
897 1250 984 1302 recta
1016 1250 1048 1303 et
1077 1236 1219 1328 longiore
1246 1238 1259 1302 l
1283 1251 1315 1304 ct

129 1356 265 1425 rotunda
295 1380 331 1436 ε,
363 1356 449 1446 quod
479 1358 514 1422 in
536 1357 585 1422 his
608 1359 682 1447 ipsis
705 1358 805 1446 typis,
834 1356 950 1445 quibus
972 1379 1029 1422 nos
1052 1359 1191 1437 utimur,
1215 1360 1315 1425 inter-

127 1478 234 1558 cedat3
267 1489 379 1543 contra
409 1500 497 1543 error
527 1489 573 1543 est
602 1477 772 1567 proclivior
802 1479 835 1542 in
866 1477 1114 1543 maiuscularum
1137 1480 1312 1568 scriptura,

128 1596 197 1664 ride
227 1596 428 1663 luculentum
460 1597 641 1687 exemplum
671 1598 705 1662 iu
734 1597 865 1663 Lucano
896 1597 1039 1663 Palatino
1070 1598 1127 1666 ΝΟ.
1154 1602 1211 1679 24;
1238 1621 1314 1664 nam

128 1718 176 1783 rel
198 1719 234 1783 iu
255 1718 370 1784 ceteris
394 1718 571 1784 uncialibus
594 1719 718 1808 longior
737 1719 840 1783 forma
862 1719 986 1784 litterae
1009 1720 1021 1784 l
1042 1721 1180 1795 retinere
1203 1719 1313 1786 debuit

128 1839 312 1918 librarium,
348 1861 409 1905 nec
447 1839 534 1905 aliud
572 1840 606 1905 iu
646 1840 769 1905 rusticis
806 1863 882 1906 usus
924 1841 1045 1920 voluit,
1086 1840 1156 1908 ride
1190 1840 1313 1909 Codicis

127 1961 225 2026 nostri
242 1959 374 2025 titulum
396 1960 430 2025 in
453 1959 564 2026 eadem
586 1959 716 2039 tabula,
741 1974 872 2051 excepto
896 1961 1024 2027 fortasse
1049 1960 1197 2028 Sallustio
1222 1963 1312 2029 vati·

126 2103 221 2160 cano,
255 2079 312 2146 ubi
338 2093 450 2146 contra
481 2081 618 2146 elutior
646 2094 704 2148 est.
755 2083 843 2167 Quae
872 2104 973 2171 quum
1003 2083 1047 2147 ita
1078 2084 1159 2163 sint,
1193 2081 1313 2151 Osanui

128 2203 307 2268 coniectura
340 2201 464 2267 etiarnsi
498 2203 660 2292 ingenioso
690 2224 755 2267 non
787 2201 970 2292 accipienda
1000 2202 1139 2284 videtum
1166 2206 1308 2285 accedit,

128 2322 211 2412 quod
245 2322 369 2388 Tullius
406 2335 549 2389 versatur
580 2324 613 2388 in
648 2321 826 2412 colligendo
859 2325 1015 2387 uirorum
1050 2324 1244 2392 calamitates
1279 2340 1312 2394 et

126 2443 255 2509 iniurias
284 2442 324 2507 iis
358 2442 398 2507 ab
432 2444 563 2532 ingratis
598 2444 730 2507 ciuibus
761 2442 921 2532 impositas
945 2464 1010 2506 non
1034 2465 1106 2509 aero
1130 2457 1310 2535 temporum

126 2563 321 2633 bellommve
348 2564 508 2644 miserias,
541 2564 688 2630 convenit
712 2585 786 2652 ergo
810 2585 985 2652 pronomen
1010 2585 1125 2628 eorum
1147 2587 1223 2630 cum
1244 2565 1311 2631 lto-

125 2707 292 2753 mauorum
322 2685 491 2774 exemplis,
517 2707 598 2774 quae
620 2682 835 2774 praecedunt,
860 2705 925 2748 nou
949 2684 993 2748 ita
1017 2684 1193 2750 bellorum.
1242 2685 1311 2752 Nec

125 2807 201 2874 mibi
226 2828 413 2897 persuasum
439 2818 486 2872 est
510 2805 651 2871 Tullium
673 2805 712 2871 de
736 2804 824 2871 brevi
846 2805 946 2895 spatio
970 2828 988 2869 a
1012 2805 1160 2871 Marianis
1184 2818 1310 2896 tempo-

125 2926 230 3006 ribus,
254 2926 318 2991 imo
339 2949 357 2991 a
373 2927 554 3016 principum
574 2925 670 2992 caede
687 2939 758 3016 post
778 2926 871 2991 Marii
890 2925 1027 2991 reditum
1046 2927 1188 2992 insecuta
1209 2949 1309 3016 usque

126 3046 164 3112 ad
184 3069 278 3113 suum
297 3046 442 3112 exsilium
462 3046 647 3135 loquentem
668 3047 831 3110 bellorum
851 3047 1034 3110 multorum
1040 3056 1165 3137 pestes
1177 3047 1307 3127 dixisse,

125 3192 196 3235 uam
214 3167 300 3234 bellu
323 3166 428 3232 civilia
452 3168 559 3232 omnia
582 3168 665 3232 iuter
687 3190 720 3232 se
743 3188 901 3245 connexa,
927 3188 1008 3254 quae
1032 3166 1091 3231 sibi
1115 3166 1181 3233 vult
1207 3166 1311 3235 Osan-

125 3312 201 3369 uus,
227 3311 292 3353 non
316 3261 434 3352 cadunt
457 3287 490 3352 iu
513 3286 575 3351 hoc
598 3298 734 3376 tempus.

168 3531 227 3597 tl.
253 3533 273 3615 §
302 3534 354 3596 10.
403 3527 533 3596 Consul
546 3527 731 3618 fuissem?
772 3525 902 3594 Coresul
917 3538 1045 3594 autem
1083 3531 1171 3616 Quae
1195 3534 1309 3599 omise-

125 3665 173 3718 rat
209 3655 241 3717 1.
277 3674 390 3717 manus
416 3652 572 3739 fuissem
607 3652 729 3716 consul
741 3700 749 3729 ,
785 3650 833 3715 bis
865 3651 1008 3740 suppleta
1039 3650 1209 3740 leguntur,
1234 3677 1309 3718 nam

125 3785 292 3863 postquam
324 3771 463 3859 syllabae
498 3766 559 3837 edu
590 3770 827 3861 superadditum
863 3782 930 3836 erat
964 3770 1086 3834 consul
1106 3771 1307 3862 fuisse(m)‚

125 3894 277 3961 insertum
306 3906 354 3959 est
380 3895 524 3983 sequenti
550 3895 650 3959 versui
674 3894 733 3957 sul
747 3893 903 3979 fuissem
927 3915 1000 3956 coa.
1050 3891 1211 3957 Habemus
1235 3919 1309 3986 ergo

125 4014 259 4106 duplicis
282 4015 485 4081 correctionis
508 4016 705 4105 exemplum,
731 4037 769 4080 cr
792 4038 830 4080 eo
853 4027 963 4080 natum
985 4014 1115 4102 opinor,
1141 4014 1309 4102 quodiam

126 4137 201 4202 olim
230 4137 353 4227 primae
382 4158 495 4201 manus
518 4137 670 4202 correctio
694 4134 824 4201 evanida
847 4136 931 4200 facta
955 4146 1008 4197 aut
1031 4155 1118 4198 erasa
1141 4156 1227 4203 nunc
1252 4161 1311 4230 per

126 4259 285 4348 coagentia
320 4257 465 4345 chymica
500 4256 594 4322 simul
628 4278 701 4321 cum
736 4253 834 4320 altera
869 4256 903 4318 in
936 4252 1041 4317 lucem
1078 4270 1221 4335 revocata
1256 4263 1307 4328 sit.

127 4379 248 4445 Eadem
271 4380 392 4445 ratione
416 4378 565 4468 explicari
587 4389 709 4466 potest,
732 4374 816 4464 quod
838 4378 856 4460 §
881 4378 923 4439 42
947 4373 1041 4438 huius
1064 4374 1138 4441 libri
1164 4380 1310 4447 vocabuli

129 4504 303 4565 sementia
323 4499 371 4565 bis
390 4499 513 4589 legatur
532 4496 653 4585 syllaba
672 4495 823 4576 secunda3
843 4496 945 4586 prima
956 4517 1069 4560 manus
1081 4519 1151 4563 eam
1164 4501 1310 4567 omiserat

128 4642 251 4689 versum
282 4634 466 4711 sequentem
498 4621 603 4687 statim
634 4642 707 4686 cum
741 4621 793 4682 tiu
824 4619 998 4709 incipiens,
1029 4641 1092 4706 quo
1112 4643 1217 4688 errore
1237 4647 1310 4713 per·

1109 4744 1124 4792 3
