2888 5144
262 1294 588 1412 llPllOllll
640 1296 851 1412 ARTIS
900 1297 1289 1475 natureae

350 1578 408 1653 ΕΧ
431 1579 575 1654 LIBRIS
599 1578 648 1651 tl
671 1577 911 1655 AUGUSTINI
935 1580 992 1653 DE
1016 1580 1193 1663 truslot.

709 1919 838 1950 -aw-

224 2212 262 2277 ln
297 2210 407 2276 eodem
442 2189 568 2275 eximio
592 2206 708 2273 Codice
745 2209 896 2274 Vaticano
933 2212 1004 2279 Lat.
1042 2211 1099 2279 ΝΘ.
1138 2214 1246 2290 4929,
1283 2210 1366 2276 unde

181 2332 324 2422 Angelus
354 2331 454 2397 Maius
478 2329 629 2420 protraxit
654 2329 774 2394 Paridis
798 2353 834 2394 ex
858 2330 984 2397 Valerio
1009 2332 1146 2397 Maximo
1165 2333 1365 2421 Epitomam,

179 2466 276 2520 exstat
310 2453 391 2518 liber
426 2451 520 2516 simili
550 2448 644 2513 modo
676 2471 712 2514 er
744 2450 885 2538 longiore
919 2465 1083 2542 excerptus
1115 2465 1146 2518 et
1177 2453 1209 2516 in
1242 2451 1366 2518 brevius

179 2585 377 2651 contractus,
403 2595 497 2661 quem
521 2569 605 2636 idern
629 2569 683 2635 ille
707 2570 808 2635 editor
831 2571 952 2660 publici
971 2574 1047 2638 iuris
1066 2573 1141 2639 fecit
1156 2572 1268 2638 eodem
1280 2583 1365 2636 tomo

177 2694 226 2760 ΙΙΙ
262 2693 463 2760 Collectionis
498 2690 695 2784 Scriptorum
732 2691 883 2757 Veterum
918 2717 935 2758 e
972 2692 1141 2761 (lodicibus
1179 2692 1362 2770 Vaticanis,

176 2838 247 2907 pars
270 2814 319 2879 Ill
342 2838 374 2903 p.
404 2817 580 2878 rto-134
610 2812 741 2896 (Romae
777 2811 887 2901 1828).
935 2813 972 2881 S.
998 2813 1144 2879 Aurelius
1169 2811 1363 2901 Augustinus

176 2935 387 3025 Hipponensis
420 2934 592 3024 Episcopus
621 2934 743 3023 scripsit
774 2934 900 2999 circiter
930 2958 1049 3000 annum
1075 2933 1192 3001 Christi
1217 2938 1283 3000 389
1309 2935 1362 3000 Li·

175 3056 247 3121 bros
272 3055 316 3119 Vl
341 3055 379 3120 de
403 3055 540 3132 Musica,
567 3053 684 3142 quide
708 3054 755 3118 Re
779 3055 911 3120 Metrica
935 3080 953 3120 a
979 3057 1069 3121 nobis
1096 3057 1201 3146 potius
1220 3055 1364 3143 inscripti

115 3259 118 3266 Ι
176 3188 297 3253 essent,
334 3198 408 3240 nam
443 3174 482 3240 de
516 3175 577 3240 hoc
612 3186 796 3264 argumento
831 3199 888 3265 per
922 3176 1061 3266 dialogos
1092 3176 1275 3242 tenuissimo
1310 3176 1364 3240 lilo

175 3297 325 3364 deductos
361 3295 498 3386 disputat
533 3309 653 3361 auctor.
703 3297 919 3363 Pervenerunt
955 3297 993 3362 ad
1029 3320 1085 3362 nos
1120 3321 1171 3362 sex
1206 3296 1254 3360 illi
1290 3296 1363 3361 libri

173 3419 388 3509 integerrimi,
423 3430 454 3483 et
485 3418 534 3482 rel
567 3419 610 3483 sic
638 3430 744 3484 tamen
774 3418 875 3484 Maius
906 3442 937 3485 se
960 3419 1102 3493 laborem
1126 3416 1211 3482 haud
1236 3417 1363 3483 irritum

172 3540 332 3605 facturum
362 3537 421 3603 sibi
453 3537 618 3603 videbatur
646 3537 767 3604 edendo
799 3562 876 3629 opus
907 3539 986 3605 illud
1019 3539 1192 3629 «priscum
1215 3560 1252 3602 ox
1277 3538 1362 3602 anti-

174 3660 322 3750 quissimo
360 3658 441 3722 libro
472 3658 705 3748 manuscripto,
743 3682 779 3724 ex
812 3657 988 3748 Augustino
1021 3658 1150 3748 quidem
1172 3657 1362 3723 defloratum

173 3780 226 3847 sed
249 3779 426 3846 elocutione
449 3779 603 3843 variatum
627 3779 770 3867 miraque
794 3778 946 3844 brevitate
968 3791 1205 3844 contractum.»

218 3901 329 3965 Paucis
363 3898 453 3963 annis
480 3911 550 3987 post
574 3898 697 3963 Parisiis
722 3896 837 3988 (1836)
863 3898 1047 3987 prodierunt
1071 3897 1166 3962 iidem
1192 3896 1362 3987 Augustini

92 4103 96 4111 .
171 4020 245 4086 libri
267 4021 381 4109 integri
405 4018 444 4083 ad
467 4019 697 4108 manuscriptos
715 4018 931 4101 Bibliothecae
952 4019 1069 4107 Regiae
1090 4018 1243 4106 recogniti
1261 4031 1360 4108 ¹atque

168 4140 342 4211 emendati.
391 4140 481 4205 Hanc
514 4163 588 4230 ergo
614 4140 787 4205 editionem
811 4164 910 4230 quum
935 4139 973 4204 ad
1000 4140 1087 4204 istius
1108 4139 1273 4228 Epitomae
1295 4139 1360 4205 col·

171 4263 321 4329 lationem
344 4284 447 4326 meam
471 4260 673 4340 adhiberem,
700 4261 824 4350 repperi
847 4262 879 4325 in
903 4259 964 4324 hoc
986 4282 1112 4348 quoque
1135 4258 1216 4323 libro
1238 4259 1358 4325 Maium

171 4386 285 4475 passim
320 4380 429 4448 eadem
465 4382 580 4446 chorda
617 4382 793 4460 aberrasse,
830 4393 861 4445 et
900 4403 980 4445 nora
1012 4380 1050 4445 de
1083 4402 1138 4444 suo
1171 4381 1356 4457 inseruisse,

172 4506 293 4571 etiamsi
326 4502 556 4590 manuscriptus
592 4502 672 4568 liber
696 4526 768 4567 curn
792 4502 929 4567 editione
959 4502 1127 4590 conspirat.
1178 4500 1244 4566 lam
1270 4501 1357 4567 lubet

172 4629 354 4716 scriptorem
378 4625 416 4689 de
441 4645 474 4688 re
498 4623 628 4688 metrica
653 4625 733 4689 vitiis
757 4624 953 4690 laborantem
978 4646 1096 4689 sanare.
