2888 5144
205 316 269 378 202
584 331 762 409 tardamus
786 332 996 381 urrorrrrus.

202 500 348 566 librarius
371 498 597 590 stupidissimus
621 502 805 591 scripturam
828 504 1016 571 ornatiorem
1039 517 1070 572 et
1090 506 1275 593 antiquam,
1298 506 1377 572 Lon·

203 619 370 710 gobardica
401 642 482 708 quae
512 618 646 700 dicitur,
676 644 739 686 non
770 623 908 689 tenebat.
958 622 1054 689 Cuius
1085 624 1130 688 rei
1154 636 1239 689 certa
1263 624 1377 692 indicia

203 764 234 806 se
258 740 415 830 produnt,
440 741 545 830 qualia
568 752 659 820 sunt,
684 764 702 805 e
721 765 777 833 pro
801 765 843 807 oe
866 755 897 808 et
921 767 958 808 oe
977 744 1098 833 saepius
1115 745 1236 834 posita,
1255 745 1377 812 litterae

203 866 217 924 ι’
239 861 340 926 forma
362 860 503 949 longior,
529 882 625 949 quam
646 883 703 950 pro
728 863 897 953 laccepit‚
923 864 999 952 sigla
1012 886 1082 954 per
1102 877 1133 930 et
1146 888 1241 955 prae
1260 867 1376 946 mixta,

200 1003 325 1047 necnon
357 989 390 1045 ct
414 1004 470 1071 pro
501 991 536 1046 st
566 994 732 1071 acceptae,
758 984 828 1049 ride
853 989 871 1048 5
903 987 920 1068 §
948 990 989 1064 5,
1015 988 1055 1063 6,
1081 986 1261 1051 terminatio
1284 1010 1326 1051 us
1349 1000 1378 1052 et

200 1124 273 1178 um,
309 1100 358 1166 vel
393 1099 522 1189 simplex
555 1123 573 1165 s
606 1113 638 1167 et
672 1126 703 1166 m
734 1103 846 1168 omissa
875 1116 928 1168 aut
956 1117 1155 1194 praepostere
1179 1105 1300 1185 addita3
1334 1119 1378 1172 est

201 1222 286 1285 enim
314 1221 375 1286 hoc
404 1221 567 1311 proprium
598 1220 673 1310 quid
705 1222 961 1317 Longobardicae
992 1224 1181 1313 scripturae,
1215 1226 1305 1291 cuius
1336 1227 1378 1292 rei

200 1365 275 1431 prae
310 1342 420 1408 ceteris
454 1341 559 1406 inveni
588 1342 729 1431 exempla
760 1366 856 1432 quam
886 1344 1022 1433 plurima
1052 1345 1086 1409 in
1118 1343 1235 1411 Codice
1268 1347 1377 1411 erimio

200 1461 257 1529 ΝΟ.
291 1467 333 1528 76
364 1463 397 1527 in
429 1461 507 1527 bibl.
537 1461 709 1528 Barberina
732 1487 814 1552 quae
838 1477 884 1530 est
907 1463 1040 1542 Romae3
1070 1486 1181 1548 rerum
1201 1478 1378 1532 constanter

200 1593 232 1636 se
254 1571 359 1660 prodit
381 1572 534 1662 scriptura
557 1571 793 1662 Langobardiea
816 1573 991 1654 erroribus,
1018 1573 1243 1663 quibusforma
1257 1574 1376 1640 litterae

202 1715 217 1770 t
247 1729 354 1771 ansam
386 1707 551 1795 praebuit,
576 1706 692 1795 quippe
716 1730 796 1797 quae
819 1709 884 1775 iere
908 1711 952 1774 sic
974 1728 1026 1786 w
1049 1707 1165 1796 scripta
1188 1730 1206 1769 a
1229 1706 1334 1772 littera
1356 1730 1399 1770 o.

199 1839 248 1904 rix
271 1839 446 1929 discrepare
468 1839 591 1906 videtur
612 1839 740 1918 lectori,
766 1864 861 1929 quem
884 1841 960 1907 latet
984 1862 1122 1930 quonam
1145 1851 1264 1928 puncto
1289 1838 1375 1905 diffc-

199 1957 271 2009 rant
293 1945 377 2010 inter
398 1968 444 2024 se;
470 1944 540 2010 aide
562 1946 710 2025 omnino,
735 1969 809 2040 nam
833 1946 934 2012 verbis
957 1947 1036 2013 haec
1061 1944 1194 2010 describi
1223 1967 1287 2010 non
1306 1968 1374 2034 pos-

201 2077 293 2144 sunt,
329 2062 477 2130 Silvestre
507 2064 572 2131 tab.
607 2071 669 2144 33,
695 2069 760 2144 74,
788 2067 974 2146 128,154;
1001 2065 1076 2130 hinc
1102 2073 1113 2130 1
1144 2068 1161 2149 1
1189 2068 1230 2128 10
1254 2064 1374 2131 exhibet

200 2184 345 2249 librarius
376 2197 482 2250 noster
512 2185 733 2250 dicatarram
759 2209 816 2276 pro
841 2185 1075 2265 dictaturam,
1101 2189 1119 2250 7
1146 2187 1164 2269 §
1189 2190 1209 2250 4
1232 2188 1373 2250 cenario

198 2327 256 2394 pro
268 2314 410 2384 contra,
425 2309 443 2370 7
459 2307 476 2391 §
494 2309 534 2370 15
547 2306 721 2372 arellidua
732 2329 789 2396 pro
803 2307 988 2386 trallibus,
1010 2310 1030 2371 9
1044 2308 1062 2391 §
1079 2310 1100 2371 8
1112 2307 1371 2384 (transtulerat,

197 2439 229 2492 et
252 2429 291 2491 21
319 2428 337 2511 §
362 2430 381 2490 4
406 2427 624 2491 consolatrix
645 2425 730 2492 dedit
752 2449 900 2517 procum
924 2428 1000 2492 solo
1021 2449 1110 2506 arx,
1131 2424 1242 2491 eadem
1263 2448 1370 2506 causa,

197 2559 229 2613 et
264 2544 313 2612 vel
343 2546 387 2611 sic
417 2543 523 2611 tamen
553 2546 695 2612 nondum
725 2549 828 2636 potuit
855 2571 976 2637 sapere3
1002 2559 1058 2612 aut
1080 2546 1203 2612 litterae
1226 2556 1241 2611 t
1264 2547 1371 2612 ductus

196 2681 389 2734 transversus
418 2668 627 2733 sinistrorsum
657 2681 803 2734 carnatus
825 2681 857 2735 et
880 2665 919 2733 ad
941 2668 1059 2734 lineam
1081 2666 1372 2757 usque'productua

198 2788 237 2853 ab
269 2785 335 2853 istis
365 2792 469 2877 proi
490 2788 539 2853 rel
563 2784 582 2852 c
604 2787 653 2854 ael
675 2811 696 2852 r
717 2786 872 2868 babetur,
896 2789 971 2855 binc
994 2789 1140 2854 librarius
1161 2801 1269 2854 noster
1291 2788 1372 2854 dedit

198 2913 234 2975 11
276 2911 294 2994 §
323 2912 341 2974 7
375 2908 483 2973 dictis
514 2908 702 2998 proditis,
729 2912 813 2994 181
842 2915 856 2974 1
884 2909 1011 2974 delecti
1031 2907 1088 2999 'pro
1110 2908 1240 2988 'deleta',
1267 2912 1367 2994 611

187 3030 397 3117 sortunouit
426 3051 482 3118 pro
505 3029 659 3116 fortuna
689 3039 748 3109 ret,
774 3025 837 3114 8§
866 3034 880 3094 l
908 3030 1057 3094 intentio
1080 3029 1137 3094 ubi
1158 3051 1215 3118 pro
1241 3033 1370 3094 intento

194 3150 269 3215 dare
291 3171 355 3214 non
379 3161 500 3238 poterat
523 3153 691 3228 antenito,
709 3144 735 3215 ‘7
760 3152 780 3234 1
808 3146 849 3216 10
871 3153 1078 3240 repertitum
1101 3172 1159 3240 pro
1175 3154 1368 3239 repetitum.

194 3268 380 3336 Praesertim
410 3267 497 3333 fallit
520 3268 670 3336 lectorem
698 3270 807 3336 littera
840 3281 855 3335 t
886 3272 911 3336 'si
941 3269 1102 3361 praecedit
1134 3273 1148 3333 i
1157 3319 1166 3349 ,
1191 3292 1268 3336 nam
1289 3272 1370 3361 prior

193 3390 306 3457 ductus
330 3412 424 3480 quem
448 3388 592 3455 dicebam
617 3414 690 3457 cum
714 3395 729 3455 i
751 3389 922 3457 cohaerens
938 3377 1061 3457 videtur
1072 3391 1197 3456 efficere
1217 3414 1259 3470 a,
1285 3390 1369 3481 atqui

193 3513 307 3603 passim
337 3511 414 3576 dant
442 3507 574 3576 librarii
593 3512 687 3576 huius
718 3508 764 3577 rei
785 3512 886 3601 ignari
909 3521 950 3576 at
973 3511 1028 3576 ubi
1052 3515 1083 3575 it
1105 3523 1172 3576 erat
1191 3510 1368 3579 describenss

150 3623 152 3627 ’
192 3633 289 3712 dum,
321 3654 433 3722 parum
460 3630 586 3696 solliciti
606 3631 782 3720 imperfecti
805 3631 969 3707 habebat,
994 3630 1050 3695 ubi
1072 3630 1215 3695 futurum
1238 3633 1369 3721 requiri·

191 3765 261 3831 tur,
286 3751 356 3818 ride
378 3752 412 3816 in
434 3750 556 3841 prael,
582 3763 635 3815 aut
659 3751 869 3830 coniunctiri,
894 3751 950 3816 ubi
961 3750 1122 3816 indicativi
1134 3750 1223 3817 locus
1232 3765 1300 3832 est,
1323 3752 1368 3818 rel

193 3897 216 3936 a
244 3873 415 3938 inserentes
446 3871 487 3936 ci.
524 3874 539 3934 1
571 3876 589 3959 1
623 3874 681 3951 12,
707 3879 727 3937 5
757 3875 839 3960 17,
865 3875 994 3958 613,
1020 3875 1368 3962 9§22,quaeitcm

192 3992 317 4059 exulare
340 3990 433 4057 debet
456 3990 489 4054 in
512 3989 670 4056 Anatorti
694 3994 708 4055 l
737 3992 754 4075 §
780 3995 834 4055 21.

161 4122 164 4126 ’
238 4110 340 4177 Huius
361 4111 416 4176 rei
450 4131 549 4198 quum
583 4111 662 4176 ratio
696 4109 884 4189 habebitur,
920 4111 1073 4200 scriptura
1107 4134 1172 4177 non
1207 4112 1286 4182 adeo
1312 4115 1367 4181 erit

190 4231 360 4321 impedita,
396 4254 491 4320 11111111
522 4230 647 4297 Blamio
677 4231 860 4310 ridebatur,
892 4244 924 4298 et
947 4233 991 4298 sic
1014 4233 1201 4300 coniecturis
1223 4259 1260 4301 er
1285 4248 1367 4303 certa

192 4351 336 4441 analogia
359 4352 474 4417 tentari
495 4364 644 4443 poterunt
666 4352 729 4417 loci
751 4353 826 4417 vitio
846 4352 1040 4433 laborantes,
1063 4367 1097 4420 ut
1117 4355 1223 4420 statim
1241 4356 1364 4423 faciam.

191 4476 276 4541 Iusta
295 4472 449 4562 Kempfii,
470 4471 509 4536 ad
529 4472 600 4537 Val.
622 4474 720 4562 praef.
734 4496 767 4562 p.
783 4476 845 4552 68,
872 4487 918 4538 est
942 4475 1088 4564 querela,
1114 4475 1234 4541 Maium
1257 4477 1290 4542 in
1309 4477 1366 4543 boe

192 4597 341 4686 scriptore
371 4592 563 4660 restituendo
594 4594 723 4662 arbitrio
753 4617 808 4660 suo
839 4595 1021 4675 indulsisse,
1055 4597 1137 4684 quod
1169 4597 1299 4687 planum
1322 4597 1364 4664 illi
