2888 5144
317 1107 766 1229 rurouuurou
786 1111 1120 1235 ›INuDuUM

178 1501 319 1577 uouru
344 1503 568 1579 rourrrou
592 1333 926 1582 rrddidrrseorr
950 1444 1004 1581 ur
1028 1426 1262 1580 uuurrrro

665 1790 771 1824 -Φ-

172 2028 283 2094 Libros
318 2030 496 2118 argumenti
524 2029 740 2118 grammatici,
776 2053 855 2120 quos
887 2033 1027 2123 Angelus
1058 2032 1160 2099 Maius
1190 2030 1315 2120 primus

124 2149 242 2230 edidit,
269 2151 411 2216 conferre
434 2173 498 2215 non
521 2149 614 2214 libuit
632 2162 761 2239 propter
781 2154 1114 2245 temporisangustias;
1142 2151 1230 2230 aliis,
1255 2151 1315 2240 qui

126 2272 159 2337 in
186 2271 247 2337 hoo
267 2270 442 2337 studiorum
462 2293 576 2360 genere
596 2272 677 2336 ritae
697 2272 938 2340 tabernaculum
953 2285 1144 2365 posuerunt,
1168 2295 1209 2338 ue
1234 2271 1315 2361 quid

126 2394 350 2483 praeriperem.
384 2390 447 2458 Sed
470 2413 535 2456 non
557 2414 684 2481 possum
706 2394 784 2481 quin
808 2395 960 2461 esohedis
972 2396 1050 2460 meis
1062 2394 1224 2459 Vaticanis
1236 2415 1315 2483 pro·

124 2514 224 2580 feram
247 2507 402 2579 ineditum
427 2512 596 2601 quemdam
619 2512 725 2578 locum
736 2563 745 2593 ‚
768 2527 803 2580 ut
822 2516 859 2580 iis
877 2539 944 2581 mos
963 2527 1105 2606 geratur,
1128 2515 1184 2603 qui
1202 2513 1315 2580 sedulo

126 2620 339 2724 colligendum
375 2633 513 2698 clement
548 2631 703 2721 quidquid
738 2632 842 2701 adhue
875 2634 971 2702 lateat
1006 2636 1039 2700 in
1073 2635 1161 2700 libris
1195 2657 1313 2701 monu-

125 2756 259 2845 seriptis.

171 2875 328 2964 Descripsi
349 2875 436 2939 huno
458 2873 564 2938 locum
588 2896 625 2938 ex
648 2871 761 2938 Codice
785 2873 1097 2940 Palatino-Vaticano
1118 2873 1174 2941 ΝΟ.
1201 2877 1289 2940 1746
1301 2925 1311 2954 ,

124 2995 209 3062 unde
243 2997 345 3061 Maius
379 2995 530 3084 protraxit
564 2993 809 3058 Grammaticam
840 2995 945 3075 illem,
978 3018 1074 3084 quarn
1104 2995 1245 3061 invenies
1276 2996 1312 3061 in

127 3114 269 3182 Classiois
300 3114 491 3180 Auctoribus
519 3126 596 3180 tom.
622 3114 694 3179 Vll.
717 3138 788 3204 pag.
818 3120 1012 3197 475-5483
1038 3127 1103 3193 est,
1129 3128 1164 3181 ut
1187 3116 1239 3181 isti
1260 3115 1312 3181 di-

127 3260 198 3303 cere
229 3237 391 3315 solebant,
418 3234 476 3300 Ars
507 3236 580 3300 setis
609 3236 732 3324 eopiosa
756 3250 787 3302 et
811 3238 899 3302 tenui
923 3236 977 3301 filo
1001 3248 1145 3302 contexta
1169 3260 1187 3300 e
1212 3237 1310 3303 Boui-

125 3358 226 3434 iecio,
268 3358 323 3445 qui
358 3357 417 3421 fuit
454 3354 715 3445 drehiepisoopus
750 3357 932 3446 Moguntiee
968 3369 1000 3422 et
1035 3380 1117 3421 anuo
1152 3361 1217 3422 755
1251 3380 1311 3446 pro

129 3477 253 3545 Christo
288 3491 407 3566 martyr
442 3476 529 3542 obiit.
584 3476 664 3543 Vide
698 3476 738 3542 de
772 3476 857 3541 illius
891 3476 984 3542 leude
1019 3477 1191 3557 litteraria,
1228 3500 1310 3566 quae

126 3598 333 3665 Williboldus
368 3610 399 3663 et
431 3595 588 3663 Othlonus
615 3598 649 3662 in
681 3597 754 3662 vira
786 3597 870 3662 beati
897 3599 955 3662 riri
979 3597 1063 3686 apud
1087 3596 1210 3663 Mabill.
1237 3596 1307 3664 det.

127 3719 183 3786 SS.
217 3710 335 3788 Ber'red.
368 3718 403 3784 T.
436 3719 483 3784 IV
505 3718 675 3783 memoriae
699 3718 915 3795 tradiderunt,
939 3717 1033 3782 allata
1055 3718 1088 3781 in
1111 3718 1308 3784 Praefatione

126 3840 210 3931 apud
234 3840 354 3906 Maium
376 3862 447 3927 pag.
472 3837 545 3903 XII.

170 3959 271 4026 Codex
308 3961 392 4026 eirea
427 3958 585 4024 decimum
620 3959 782 4025 saeculum
815 3960 972 4048 scriptus,
997 3971 1033 4023 ut
1057 3959 1140 4024 Maio
1164 3958 1306 4039 ridetur,

123 4079 254 4145 mutilus
285 4091 352 4158 est;
388 4077 474 4144 deest
497 4078 583 4143 enim
606 4079 678 4143 finis
702 4079 833 4167 eapitis,
858 4079 942 4168 quod
967 4078 1009 4142 de
1037 4077 1309 4169 Praepositione

123 4199 317 4266 inscribitur.
352 4197 413 4265 Sed
437 4198 529 4288 plura
552 4197 654 4263 adhue
679 4198 780 4263 Maius
804 4198 878 4265 dure
901 4211 1070 4288 potuerat,
1095 4221 1169 4261 narn
1193 4198 1308 4263 substi-

124 4323 162 4387 tit
192 4319 247 4385 ille
278 4343 349 4409 pag.
381 4323 445 4384 548
472 4320 506 4384 in
537 4319 606 4384 loeo
637 4319 676 4385 de
705 4320 1040 4411 «praepositionibus,
1066 4341 1147 4408 quoe
1170 4318 1308 4407 receptis

123 4442 234 4508 ceteris
264 4440 406 4530 pertibus
436 4439 584 4505 orationis
614 4453 905 4531 corrumpuntur,»
937 4465 974 4507 er
999 4429 1110 4505 ordine
1130 4438 1235 4504 adhue
1258 4438 1307 4503 di-

124 4561 260 4628 cendum
292 4573 357 4626 eret
391 4559 430 4624 de
458 4560 759 4649 praepositionibus:
794 4585 881 4639 «et,
915 4552 985 4639 ad,'
1007 4561 1060 4640 in,
1094 4559 1168 4639 sub,
1202 4572 1306 4637 trans,
