2888 5144
547 342 731 390 scnrrrnna
752 343 893 391 consors.
1273 331 1311 393 15

125 518 264 586 Romulo
292 514 366 581 inde
389 537 489 603 usque
513 512 553 577 ad
577 511 821 579 constantinum
844 514 956 604 opinor
978 517 1112 581 mutavit
1134 517 1311 607 paullatim.

126 638 220 727 Quod
244 660 344 727 quum
367 638 411 701 ita
434 635 492 714 sit,
520 635 584 700 iam
607 634 633 698 si
656 634 830 723 unicuique
852 656 945 700 suum
968 635 1108 703 tribuere
1130 639 1225 718 velis,
1251 641 1313 706 La-

125 761 268 826 tinorum
298 756 515 845 unnsquisque
539 754 687 820 classicus
710 777 799 819 suom
822 755 977 844 privatam
999 757 1066 825 lere
1088 758 1219 826 dixerim
1241 784 1314 851 pos-

124 881 208 946 tulat
230 875 507 967 orthographiam,
532 897 629 964 quarn
648 896 758 941 vereor
780 887 816 939 nt
839 877 1008 966 qnisquam
1031 878 1162 947 reddere
1184 883 1312 971 poterit.

125 1001 219 1066 Viros
249 998 357 1065 doctos
386 998 473 1064 enim
504 995 599 1061 simul
629 1017 704 1061 cum
734 996 946 1085 grammaticis
977 998 1037 1064 sibi
1065 1001 1201 1067 invicem
1223 1002 1314 1068 oblo-

125 1133 260 1211 quentes
286 1118 448 1197 videmus,
473 1139 532 1184 nec
556 1114 698 1182 certandi
719 1115 792 1181 linis
814 1137 968 1205 umquam
991 1119 1064 1199 erit3
1090 1119 1131 1187 de
1152 1121 1214 1189 hoo
1238 1145 1315 1189 con·

126 1254 209 1309 stare
232 1240 358 1307 videtur
380 1239 454 1318 uni,
479 1237 518 1309 de
543 1259 606 1326 quo
631 1236 711 1302 alter
733 1258 797 1302 non
817 1237 940 1327 liquere
957 1238 1130 1328 clamat1),
1155 1256 1210 1309 aot
1230 1245 1316 1335 qnod

125 1363 161 1428 in
184 1360 320 1427 dubium
341 1382 454 1426 vocare
476 1360 541 1424 iam
563 1357 680 1423 desinit
701 1356 924 1448 progrediente
935 1358 1063 1439 labore,
1088 1362 1132 1426 ita
1153 1375 1189 1428 nt
1205 1365 1239 1428 in
1252 1366 1316 1432 lin'e

126 1482 202 1548 libri
229 1483 346 1548 formas
368 1483 402 1547 in
426 1485 516 1545 ilius
539 1479 584 1545 sic
607 1477 724 1544 scribat
735 1479 786 1566 ²),
812 1501 890 1568 quas
913 1479 1022 1545 sedulo
1046 1482 1080 1547 in
1102 1482 1194 1548 initio
1217 1508 1316 1574 perc

128 1603 282 1683 dederat,
304 1614 359 1668 aut
372 1605 562 1693 praestitere
579 1622 637 1690 per
655 1623 699 1665 ae
717 1599 812 1665 scribi
827 1601 921 1681 sinit,
942 1602 1065 1668 etiamsi
1086 1603 1195 1668 vitiosa
1214 1604 1316 1671 forma

128 1725 189 1791 sibi
211 1747 278 1792 esse
300 1722 492 1810 videatur³l;
521 1720 565 1787 sic
586 1729 639 1800 et,
665 1719 744 1800 sed,
766 1721 879 1800 haud,
902 1722 1014 1802 illud,
1033 1735 1212 1791 ceteranon
1226 1740 1316 1792 corat

129 1847 234 1919 sintne
252 1869 310 1936 per
329 1845 356 1910 d
372 1857 427 1909 aut
448 1843 512 1909 tin
524 1841 614 1908 libris
624 1842 845 1932 manuscriptis
857 1840 967 1922 obvia,
989 1866 1071 1933 quae
1087 1844 1316 1913 alternotanda

129 1980 163 2034 et
186 1991 224 2034 er
248 1979 334 2032 certa
356 1965 500 2055 analogia
526 1963 699 2030 editoribus
718 1961 898 2053 recipienda
914 1964 1045 2047 clomat3
1068 1967 1113 2034 sic
1135 1965 1315 2057 Osannusl)

130 2112 180 2156 res
203 2089 343 2154 minutas
366 2086 463 2164 dicit,
488 2083 574 2175 quod
596 2084 631 2149 in
654 2106 723 2151 voc.
749 2085 935 2174 appellare
957 2087 1060 2176 primo
1085 2097 1101 2152 t
1119 2101 1189 2154 tum
1204 2113 1318 2181 poor-

130 2211 299 2300 rigeretur3
334 2221 367 2274 at
389 2207 520 2274 ubinam
543 2207 623 2273 fines
645 2205 705 2272 tibi
727 2229 826 2296 ponas
847 2207 1045 2274 minutorum
1069 2221 1165 2300 atque
1188 2235 1317 2293 eorum,

132 2330 171 2396 ad
204 2353 287 2420 qnae
317 2327 545 2395 attendendum
569 2328 634 2393 sit?
681 2325 735 2394 Sic
760 2329 981 2396 auctoritatem
1004 2330 1121 2397 codicis
1144 2335 1263 2423 spernit
1271 2334 1317 2423 ⁵),

132 2450 171 2518 ad
200 2474 297 2541 quam
319 2449 414 2516 modo
436 2460 659 2540 provocaverat
681 2448 715 2513 in
739 2448 922 2537 quaestione
944 2449 1121 2531 simillima,
1151 2445 1208 2517 ubi
1230 2477 1320 2520 suam

133 2572 336 2639 confirmaret
365 2571 564 2661 opinionem,
588 2579 706 2634 cetera.
755 2566 877 2635 sitam
902 2570 959 2634 viri
981 2569 1067 2636 docti
1090 2571 1150 2636 sibi
1171 2573 1320 2662 placeant

134 2694 167 2760 in
190 2694 336 2784 genuinis
360 2689 587 2769 rescribendis,
609 2712 718 2755 cavere
741 2689 791 2756 vix
812 2701 962 2779 poterunt
987 2692 1084 2781 quin,
1109 2693 1135 2758 si
1157 2693 1218 2783 ipsi
1242 2717 1320 2762 anc-

133 2827 217 2881 tores
252 2813 489 2892 reviviscerent,
525 2811 641 2877 frustra
673 2834 728 2876 sua
762 2812 901 2902 ipsorum
930 2835 1026 2903 opera
1056 2813 1252 2903 relegerent,
1285 2829 1321 2881 ut

135 2933 314 3021 osannam)
335 2933 531 2999 Alschefskio
551 2932 683 3012 obiecit,
704 2955 814 2999 verum
832 2933 917 3000 idem
936 2935 970 3000 in
990 2934 1102 3000 vitium
1122 2958 1187 3000 non
1199 2935 1321 3004 dedisse

134 3056 225 3122 illum
266 3053 448 3121 subdubito.
497 3054 580 3120 Nam
615 3077 678 3144 quo
713 3078 829 3144 quaeso
852 3055 958 3121 stabili
980 3055 1188 3122 fundamento
1211 3080 1321 3148 super-

135 3188 261 3243 struunt
284 3200 372 3242 suam
397 3176 585 3242 scientiam?
610 3175 833 3266 Inscriptiones
855 3177 1019 3257 invocant,
1045 3189 1077 3242 at
1089 3177 1231 3243 nondum
1244 3201 1321 3245 con·

135 3310 196 3363 stat
215 3297 255 3365 de
274 3299 413 3387 genuina
433 3295 516 3387 apud
537 3297 709 3364 Gruterum
726 3297 901 3387 scriptura,
919 3319 960 3363 ne
979 3295 1020 3364 de
1032 3299 1183 3388 suspectis
1195 3297 1320 3379 dicam,

136 3431 204 3484 tum
239 3419 274 3484 in
308 3418 374 3483 istis
408 3417 577 3506 temporis,
613 3416 693 3496 loci,
729 3417 793 3482 imo
816 3418 953 3483 nationis
975 3441 1218 3508 nonnumquam
1240 3423 1323 3487 ratio

137 3538 283 3606 babendo
313 3551 378 3617 est,
404 3560 485 3626 quae
509 3538 559 3604 vel
582 3538 649 3628 ipsa
671 3538 781 3606 fallere
802 3551 917 3629 potest.
955 3537 1020 3608 dut
1042 3541 1322 3628 grammaticorum

138 3661 309 3752 implorant
331 3659 462 3739 indicia;
490 3671 522 3724 at
543 3660 664 3749 profers
686 3659 806 3726 iudices
825 3658 912 3725 haud
931 3660 975 3725 ita
995 3661 1244 3742 consentientes,
1267 3665 1323 3752 qui

139 3781 321 3873 aequalium
349 3803 469 3848 errores
500 3780 671 3861 notabant,
703 3796 734 3850 et
765 3782 838 3848 satis
861 3805 918 3874 pro
941 3783 1074 3873 imperio
1097 3782 1232 3874 agebant
1255 3806 1323 3851 cor·

146 4178 150 4185 ·
225 4165 322 4216 Osann.
339 4179 397 4229 pag.
415 4168 462 4225 ao,
480 4169 526 4225 st,
544 4169 590 4225 95,
608 4169 665 4215 sse.

224 4263 293 4313 Vide
308 4260 375 4311 infra
390 4262 423 4311 ed
438 4261 467 4310 H
485 4262 500 4324 §
518 4263 541 4311 7.
