2888 5144
503 340 686 391 scarorum
712 345 853 393 conrcrs.
1233 329 1272 393 17

81 527 142 594 ss3
174 522 206 577 tt
230 525 283 579 aut
307 511 466 602 simplices
488 513 562 578 istas
584 512 720 593 dederit3
748 513 938 602 quibusnam
963 513 1065 580 serbis
1088 536 1107 578 o
1130 536 1205 579 cuna
1228 539 1270 594 u,

81 640 98 700 ι’
121 657 197 701 cum
222 656 240 698 c
252 682 261 712 ,
288 655 403 698 ccum
426 656 469 711 u,
494 656 537 698 ac
561 657 635 699 cum
658 656 677 698 e
698 633 874 712 miscuerlt3
898 655 958 698 nec
979 634 1080 722 qualis
1100 635 1129 702 ei
1142 635 1181 700 sit
1191 636 1272 701 ratio

79 756 115 821 in
149 754 329 821 accusativo
359 766 392 821 et
423 754 616 820 nominativo
639 754 755 845 plurali
779 758 812 818 is
835 777 893 845 pro
917 777 954 819 ea
977 755 1154 836 scribendi,
1180 761 1274 822 auti

78 899 139 968 pro
162 875 291 966 duplice
314 873 543 954 contrahendi,
572 887 627 940 aut
649 874 789 942 elidendi
811 875 940 941 brevem
963 877 1105 946 vocalem
1128 879 1161 942 in
1185 875 1270 956 line,

79 997 131 1063 rel
161 1020 185 1061 o
215 997 249 1061 in
280 995 385 1061 medio
416 995 526 1076 rerb03
558 1018 685 1061 necnon
716 1019 734 1060 c
764 1018 822 1086 pro
852 1019 918 1085 qn,
940 997 968 1085 j
997 1001 1125 1089 proph
1149 1001 1272 1088 quoties

79 1139 156 1184 usus
179 1117 238 1195 sit,
263 1128 318 1182 aut
340 1116 457 1206 quibus
480 1117 514 1181 in
537 1116 640 1182 verbis
659 1115 877 1206 adspirationis
897 1139 991 1183 causa
1010 1118 1209 1211 adscripserit
1229 1121 1270 1200 h,

81 1262 100 1304 c
130 1260 205 1304 cum
238 1245 254 1301 t
280 1237 466 1315 mutaverit,
495 1248 551 1302 aut
574 1237 593 1299 5
616 1259 689 1302 cum
713 1260 736 1301 u
758 1238 931 1303 miscuerit.
981 1238 1103 1304 Harum
1127 1242 1271 1307 omnium

79 1382 188 1426 rerum
212 1380 291 1448 quas
313 1358 438 1424 confeci
460 1357 584 1423 tabidas
607 1356 687 1423 mihi
710 1381 868 1425 reservare
887 1359 994 1440 libuit;
1019 1362 1165 1450 apparuit
1184 1363 1270 1428 enim

79 1481 129 1547 rix
152 1476 274 1568 aliquid
293 1478 376 1544 lucri
399 1476 474 1543 inde
497 1478 583 1558 lieri3
617 1476 861 1569 orthographiae
889 1479 1045 1545 studiosus
1074 1481 1208 1570 quisque
1235 1483 1269 1549 in

79 1623 173 1669 suum
207 1622 301 1666 usum
335 1621 388 1664 eas
422 1611 612 1689 componat,
649 1622 708 1666 nec
739 1612 786 1666 est
816 1623 875 1666 cur
893 1600 967 1665 istas
991 1600 1146 1667 lectorum
1169 1602 1269 1668 oculis

79 1721 265 1800 subiiciam,
312 1721 373 1787 nisi
415 1719 499 1786 hanc
545 1743 642 1785 unam
682 1720 725 1785 ob
766 1742 912 1800 causam,
959 1742 1022 1810 quo
1053 1722 1177 1789 facilius
1207 1722 1269 1788 illis

76 1841 285 1932 persuadeam
314 1841 376 1908 hac
407 1865 535 1931 quoque
563 1842 597 1907 in
628 1865 662 1907 re
688 1865 844 1908 summam
868 1843 990 1910 librarii
1012 1867 1113 1934 aeque
1137 1867 1174 1910 ac
1197 1865 1268 1910 cor-

76 1964 207 2031 rectoris
230 1986 297 2030 esse
314 1963 577 2038 inconstantiam,
599 1961 684 2029 unde
703 1964 796 2031 facile
815 1963 952 2030 deducas
969 1979 1180 2032 correctorem
1199 1966 1268 2031 iure

76 2108 133 2151 suo
163 2085 279 2176 passim
309 2083 492 2152 emendasse
522 2106 643 2152 errores
673 2087 708 2150 in
740 2085 985 2176 orthographia,
1018 2086 1071 2153 sed
1106 2087 1150 2152 ita
1173 2098 1268 2175 uter

75 2205 137 2273 hoc
160 2208 256 2272 unico
286 2205 394 2271 codice
417 2205 527 2295 regula
550 2217 636 2272 certa
659 2206 748 2272 nulla
770 2207 916 2297 prodeat3
945 2206 1135 2274 adhibeatur
1157 2218 1267 2291 contra

76 2349 150 2394 cum
179 2326 267 2405 aliis,
299 2349 374 2391 nam
406 2327 568 2392 communi
599 2327 714 2392 auxilio
745 2326 866 2418 aliquid
896 2329 1042 2418 proficiat
1070 2351 1197 2395 necesse
1219 2341 1268 2394 est

78 2447 217 2514 Tulliani
243 2447 345 2537 operis
368 2447 506 2536 genuina
529 2447 694 2536 scriptura.

120 2568 284 2658 Denique,
314 2579 351 2632 ut
381 2567 416 2631 in
438 2590 510 2632 mea
533 2565 707 2632 Collatione
729 2578 832 2632 essent
855 2588 1066 2656 quaecunque
1089 2567 1130 2632 ad
1149 2567 1266 2635 codicis

75 2690 264 2780 scripturam
300 2686 551 2778 cognoscendam
585 2686 723 2765 faciant,
756 2686 841 2776 quod
867 2686 900 2752 in
927 2687 1129 2777 palimpsesto
1157 2701 1264 2755 nostro

74 2823 205 2902 propter
254 2810 500 2900 quaternionum
546 2807 868 2897 membranarumque
912 2806 1056 2874 ordinem
1101 2809 1265 2876 turbatum

75 2932 288 2999 necessarium
311 2943 376 3010 est,
401 2930 552 3019 adscripsi
575 2929 718 2994 omnium
740 2929 889 2998 foliorum
912 2930 1060 3009 initium,
1083 2953 1147 3019 quo
1170 2932 1270 3001 simul.

76 3053 130 3119 alii
152 3076 273 3120 errores
293 3076 325 3119 sc
343 3052 492 3143 prodant3
505 3142 506 3145 Ἴ
520 3053 564 3118 sic
587 3051 668 3117 libro
691 3050 708 3116 Ι
732 3053 750 3136 §
773 3055 814 3117 37
840 3045 919 3117 Non
938 3049 944 3141 Ι
964 3075 998 3141 p.
1025 3056 1090 3118 223
1111 3051 1265 3118 Hercule

76 3173 226 3264 equidem
250 3172 399 3238 excidisse
423 3171 580 3239 contendo
604 3170 682 3236 duos
705 3171 774 3236 illas
798 3170 917 3236 litteras
941 3194 1011 3251 me,
1038 3194 1116 3262 quas
1140 3195 1265 3240 correc-

76 3306 126 3360 tor
148 3293 313 3384 adscripsit
336 3293 353 3359 Ι
376 3296 394 3378 §
419 3298 484 3372 31,
512 3315 587 3357 nom
610 3290 722 3357 eadem
745 3290 847 3355 forma
869 3291 1009 3355 occurrit
1034 3292 1049 3357 l
1074 3294 1092 3377 §
1119 3296 1179 3372 14,
1204 3298 1262 3376 593

76 3427 106 3480 ct
135 3414 208 3481 ride
239 3415 368 3480 omniuo
398 3414 480 3479 infra
511 3410 550 3477 ad
581 3411 597 3478 I
625 3414 643 3497 §
671 3414 733 3489 52,
759 3421 854 3499 atquc
878 3408 934 3474 ubi
958 3411 1091 3499 repetita
1115 3414 1265 3503 expunxit

77 3535 279 3616 emendator,
304 3536 435 3625 inspice:
459 3535 475 3599 Ι
496 3537 513 3620 §
535 3538 598 3612 25,
621 3536 685 3610 26,
706 3535 771 3610 66,
796 3530 828 3596 ΙΙ
849 3532 867 3615 §
891 3534 931 3609 2,
954 3535 994 3609 5,
1016 3534 1080 3609 27,
1103 3537 1167 3612 56,
1189 3557 1265 3601 nec-

76 3677 159 3736 non,
181 3656 238 3722 ubi
261 3656 347 3746 quod
370 3655 527 3722 exciderat
550 3653 706 3744 supplerit
729 3663 899 3718 corrector:
926 3650 960 3717 lI
983 3654 1001 3736 §
1026 3655 1069 3718 28
1081 3701 1089 3731 ‚
1112 3658 1173 3732 58,
1199 3658 1263 3736 61,

76 3777 213 3868 denique
225 3777 282 3843 ubi
304 3775 483 3844 emendarit
493 3798 632 3844 errorem
647 3825 656 3854 ,
677 3773 710 3839 Il
730 3776 749 3859 §
764 3777 823 3854 37;
837 3771 898 3838 hac
910 3773 943 3838 in
956 3795 989 3838 re
1003 3773 1105 3839 Maius
1116 3775 1149 3839 in
1161 3776 1264 3863 prima

78 3897 213 3969 editione
237 3897 418 3988 diligentius
439 3898 521 3988 egit,
546 3898 580 3962 in
599 3896 697 3961 altera
720 3916 837 3985 paucos
853 3916 972 3958 errores
993 3895 1165 3974 commisit,
1186 3917 1263 3986 quos

77 4033 185 4087 notare
208 4043 274 4085 non
303 4032 404 4085 vacat.
441 4018 515 4085 Soio
538 4041 603 4084 esse
626 4016 796 4106 quosdam,
823 4014 938 4104 quibus
961 4037 1002 4079 ne
1031 4038 1102 4080 mea
1134 4017 1263 4105 quidem

78 4139 220 4207 lectionis
251 4140 383 4205 varietas
418 4139 562 4203 sufficere
596 4137 759 4218 videatur,
788 4135 966 4202 desiderant
996 4136 1048 4199 isti
1071 4159 1142 4202 eam
1166 4141 1264 4205 colla·

78 4262 216 4340 tionem,
247 4284 329 4350 quae
361 4259 476 4326 codicis
507 4260 597 4347 quasi
627 4258 732 4346 imago
764 4258 822 4335 sit,
847 4269 879 4322 et
902 4278 966 4320 non
990 4256 1093 4322 solum
1115 4259 1263 4327 loliorum

79 4385 273 4449 notationem
303 4381 482 4472 postulant,
514 4402 622 4444 verum
650 4377 876 4443 laterculorum
899 4378 963 4440 imo
983 4400 1130 4444 versuum
1146 4381 1264 4448 indicia

80 4504 136 4570 sibi
163 4506 341 4594 requirunt.
392 4503 432 4568 At
452 4502 500 4567 his
519 4517 608 4568 retus
627 4499 705 4565 illud
725 4501 819 4578 μηδὲν
838 4498 925 4578 ἄγαν
947 4498 1097 4566 obiecisse
1113 4503 1260 4569 sufficiat.

567 4718 762 4732 *a*

1076 4743 1094 4792 2
