2888 5144
192 306 254 370 tet
663 322 772 370 rursus
796 320 902 369 naurs.

186 494 289 557 notari
306 492 462 570 solemus,
487 492 590 558 aditus
611 513 675 556 non
695 491 800 569 datur,
823 490 876 556 sed
896 491 952 578 qui
972 489 1189 558 Bibliothecae
1213 492 1372 560 Praefecto

185 612 334 703 patebat,
371 615 396 678 si
431 614 495 679 iam
530 611 634 693 Maio,
671 613 820 701 inquam,
842 610 985 677 libuisset
1007 612 1151 678 evolvere
1173 611 1291 680 Indicis
1312 613 1374 678 Va·

184 733 282 799 ticeni
308 746 432 824 partem
465 735 631 812 Latinam,
663 754 735 798 mor
758 733 928 798 invenisset
952 731 1099 821 Pighinm
1123 733 1263 801 hausisse
1288 735 1375 800 libri

185 854 230 920 IX
264 856 495 922 Praefationem
521 855 630 933 illam,
656 875 737 943 qnae
761 853 848 919 abest
870 854 905 919 in
929 853 1037 920 codice
1061 867 1188 934 nostro,
1214 878 1252 920 ex
1277 856 1375 922 altero

181 973 237 1039 illo
266 974 387 1040 Paridis
417 975 498 1041 libro
528 975 744 1064 manuscripto
775 974 917 1063 integro,
952 975 1008 1062 qui
1031 973 1092 1038 fuit
1115 974 1220 1039 Fulvii
1251 975 1372 1054 Ursini;

182 1093 267 1160 unde
298 1095 505 1161 Praefationis
534 1096 704 1161 lectionem
734 1093 816 1159 infra
845 1093 1015 1182 proferam.
1063 1093 1152 1159 Idem
1175 1095 1231 1160 ille
1255 1094 1373 1186 Kamp-

182 1214 261 1280 lium
292 1216 420 1283 latuisse
451 1216 595 1294 ridetur,
626 1215 749 1282 etiamsi
780 1214 944 1280 Valerium
976 1237 1103 1303 quoque
1134 1215 1278 1282 eontinet
1301 1239 1373 1282 curn

157 1336 279 1402 'Libro
314 1336 369 1401 illo
409 1337 448 1403 de
482 1335 759 1427 praenominibus,
804 1336 894 1402 euius
934 1335 1013 1402 haec
1048 1335 1237 1425 subscriptio
1272 1338 1373 1402 netmi

179 1469 282 1545 potest
315 1457 358 1523 f⁰.
381 1461 446 1523 213
466 1480 496 1522 r.
546 1457 661 1522 «Finis
684 1454 804 1522 Valerii
828 1457 956 1523 Maximi
979 1456 1060 1522 liber
1183 1456 1328 1538 decimus
1342 1469 1372 1523 et

181 1577 313 1643 ultimus
342 1578 425 1642 finit.
477 1578 539 1662 Qui
565 1576 647 1642 liber
676 1600 734 1666 per
761 1561 880 1642 Iulium
912 1577 1057 1643 Paridem
1087 1576 1229 1644 eiusdem
1253 1578 1370 1645 Valerii

180 1697 374 1764 abreviatore
400 1697 576 1763 abreviatas
599 1708 657 1762 est.
706 1698 790 1763 Laus
812 1698 852 1763 sit
875 1696 946 1763 dec.
996 1697 1137 1763 Amen.»

223 1816 373 1908 Superest
397 1831 432 1884 ut
456 1840 603 1885 moneam
622 1817 661 1884 de
682 1818 874 1897 collatione,
893 1840 989 1907 quam
1006 1819 1275 1884 accuratissimam
1293 1841 1369 1884 cons

176 1938 292 2004 fectam
316 1939 369 2004 hic
393 1961 466 2004 raro
489 1939 665 2005 breviorem
682 1938 829 2018 exhibec;
851 1960 1035 2028 persuasum
1047 1939 1132 2005 enim
1144 1937 1224 2004 mihi
1236 1951 1284 2005 est
1295 1961 1367 2005 nos·

178 2073 262 2124 trum
294 2083 360 2125 esse
389 2060 517 2125 chartae
537 2080 667 2148 parcere
689 2059 723 2123 in
747 2058 925 2124 adnotanda
948 2058 1092 2125 lectionis
1117 2060 1267 2127 varietate
1293 2083 1366 2127 aue·

178 2181 272 2258 toris,
299 2181 400 2269 qualis
424 2193 471 2246 est
490 2180 590 2246 Iulius
611 2180 709 2245 Paris.
748 2180 829 2245 Tum
841 2179 985 2270 improbo
999 2181 1075 2246 Maii
1086 2202 1244 2245 summam
1255 2181 1362 2247 incon·

178 2301 324 2366 stantiam
347 2302 381 2366 in
401 2301 471 2367 loeo
487 2301 526 2366 de
547 2300 789 2391 orthographia,
811 2301 844 2366 in
858 2324 921 2391 qua
933 2301 1130 2368 emendanda
1143 2301 1242 2368 altera
1255 2325 1364 2369 mance

177 2421 258 2488 bene
289 2423 426 2501 meruit,
458 2423 547 2488 cuius
563 2418 790 2488 correctionem
812 2423 990 2512 promiscue
1014 2444 1087 2487 eum
1109 2423 1232 2512 primae
1254 2445 1364 2488 manus

177 2542 334 2607 erroribus
366 2543 397 2608 in
430 2556 550 2609 textum
584 2543 651 2609 sine
682 2543 747 2608 ulla
779 2543 888 2633 regula
908 2543 1037 2632 recepit.
1087 2542 1211 2622 Libuit,
1236 2555 1273 2608 ut
1297 2544 1365 2633 qui-

176 2661 309 2728 busdam
342 2686 408 2728 mos
443 2676 588 2752 geratur,
623 2664 657 2729 in
686 2663 892 2730 Collationem
916 2664 1032 2729 referre
1051 2662 1208 2752 quidquid
1227 2663 1363 2730 secunda

177 2806 289 2848 manus
321 2784 472 2862 correxit,
505 2785 557 2850 cui
592 2785 710 2849 tributa
745 2784 840 2849 velim
874 2785 999 2862 omnia,
1026 2807 1107 2873 quae
1131 2806 1195 2848 non
1219 2807 1237 2848 a
1261 2786 1361 2874 prima

175 2927 274 2969 manu
297 2905 387 2970 rideo
407 2928 472 2970 esse
492 2904 672 2984 emendata;
700 2926 780 2992 quae
806 2927 905 2993 quum
929 2905 1030 2969 Maius
1054 2904 1362 2994 receperit,⁴cperae

175 3025 313 3113 pretium
344 3025 419 3089 duxi
448 3025 569 3114 primae
599 3046 711 3089 manus
734 3025 922 3114 scripturam
945 3037 1072 3103 notare,
1098 3047 1162 3113 quo
1185 3025 1300 3091 melius
1324 3025 1362 3092 de

176 3158 352 3212 correctore
372 3145 543 3226 iudicetur3
570 3167 720 3223 numero,
745 3168 841 3234 quem
860 3145 990 3212 lectioni
1002 3145 1171 3236 adscripsi,
1194 3147 1289 3214 facile
1301 3147 1362 3213 dis-

176 3265 341 3354 tinguitur.
392 3265 509 3332 Sedulo
540 3279 649 3332 contra
680 3267 804 3333 silentio
831 3269 928 3358 pressi
964 3290 1046 3356 quae
1075 3268 1109 3332 in
1140 3267 1364 3358 orthographia

176 3399 306 3475 peccata
343 3387 390 3452 illi
428 3385 624 3466 riderentur,
663 3410 703 3454 ne
736 3388 770 3452 in
801 3389 991 3455 immensum
1023 3385 1157 3455 Collatio
1189 3402 1361 3467 cresceret,

176 3507 294 3573 sufficit
317 3507 403 3573 enim
428 3506 521 3572 rerbo
544 3508 603 3572 ista
627 3509 732 3573 omnia
754 3506 808 3575 hic
830 3522 965 3575 notasse.

224 3627 284 3695 Cui
315 3650 430 3716 quaeso
460 3628 624 3694 inserviret
651 3628 832 3718 longissima
860 3631 1002 3697 locorum
1034 3631 1144 3709 series,
1175 3629 1230 3696 ubi
1263 3631 1362 3697 Maius

175 3749 255 3837 sigla
277 3747 321 3813 ita
346 3747 550 3835 explicuerit,
576 3761 610 3814 ut
633 3749 727 3815 modo
745 3753 913 3841 populum
936 3750 1148 3830 Romanum,
1173 3755 1229 3817 rei
1244 3752 1362 3842 publi·

177 3890 257 3947 eae,
292 3868 448 3933 tribanos
466 3870 607 3959 plebia,
639 3872 829 3950 consulem,
862 3873 1098 3952 consularem,
1124 3874 1361 3952 consulatum,

176 4001 281 4054 cetera
311 3989 475 4064 scriberet,
500 3989 595 4055 modo
618 3991 742 4057 easdem
766 4013 857 4058 voees
878 4014 937 4080 per
958 3992 1075 4081 primas
1098 4005 1224 4058 tantum
1243 3991 1361 4060 litteras

173 4109 387 4197 significaret,
420 4109 475 4175 sed
505 4112 626 4178 ratione
658 4135 675 4176 a
710 4111 838 4176 librario
873 4110 993 4177 diversa
1032 4123 1087 4175 aut
1117 4112 1208 4177 aliter
1238 4114 1362 4203 punctis

177 4227 351 4319 adscriptis.
411 4230 564 4298 Convenit
613 4233 702 4297 istius
755 4231 965 4320 negligentiae
1008 4232 1128 4297 notatio
1163 4232 1197 4296 in
1232 4254 1362 4300 censura

177 4349 256 4415 Maii·
276 4373 423 4440 operum,
455 4376 530 4419 narn
554 4353 655 4419 editor
677 4353 711 4418 in
735 4352 850 4419 talibus
873 4353 1073 4418 librariorum
1097 4352 1308 4420 inconstantia
1332 4376 1362 4419 se

175 4483 333 4559 praestare
368 4473 478 4555 debet,
513 4488 544 4541 et
573 4475 678 4539 onmia
702 4474 855 4564 explicata
879 4475 960 4564 typis
985 4474 1079 4552 dare,
1107 4486 1217 4539 contra
1241 4475 1275 4541 in
1298 4474 1362 4540 col·

175 4591 293 4659 latione
324 4616 388 4660 non
418 4595 548 4661 veniunt
579 4596 611 4660 in
643 4616 794 4674 censum,
823 4595 883 4661 nisi
912 4594 997 4684 quod
1029 4594 1130 4660 Maius
1162 4592 1211 4674 V,
1244 4600 1262 4661 4
1294 4594 1360 4684 §8
