2888 5144
594 337 856 385 unaunarronrs.
1254 321 1312 386 181

124 509 156 575 et
187 506 288 573 Mario
317 508 434 574 milites
466 506 506 572 ad
538 508 582 575 Μ.
617 508 792 573 Antonium
824 504 1049 584 occidendum,
1082 529 1225 575 sermone
1248 511 1316 575 eius

125 629 355 718 obstupefacti,
393 628 555 695 destrictos
589 630 652 694 iam
688 628 808 718 gladios
838 629 1083 707 continuerunt,
1117 628 1232 717 quibus
1256 629 1317 694 de·

123 753 262 840 gressis
295 751 331 815 Ρ.
359 748 481 814 Annius
504 750 713 815 ministerium
737 749 904 838 peragite>
928 771 1037 814 rernm
1061 748 1256 839 digressio,
1280 762 1317 816 ut

126 870 210 959 apud
242 870 405 936 Valerium
439 870 540 949 VIII,
574 867 866 954 9§2emendati
889 868 1024 935 codices.
1073 871 1129 935 Est
1153 884 1259 937 autem
1282 872 1316 936 in

125 993 231 1057 littera
263 1013 280 1055 e
312 1014 385 1056 cum
417 995 433 1054 i
462 989 680 1080 permiscenda
711 989 858 1054 librarius
888 1002 993 1055 noster
1020 989 1114 1078 longo
1137 989 1318 1079 diligentior

128 1136 224 1203 quam
254 1112 335 1177 alter
364 1112 418 1178 ille
446 1111 647 1201 palempsesti
676 1110 828 1190 Tulliani3
853 1108 893 1176 de
916 1110 1017 1176 forma
1038 1109 1180 1176 Dareus
1203 1111 1270 1189 Ill,
1296 1114 1316 1176 2

128 1232 151 1323 3
189 1237 232 1297 26
269 1232 423 1321 disputari
456 1244 576 1321 potest,
613 1243 683 1296 tum
714 1230 796 1296 bene
828 1242 1006 1296 correctum
1036 1243 1082 1298 est
1111 1230 1174 1309 ΙΙΙ,
1207 1236 1227 1298 3
1254 1234 1272 1316 S
1298 1235 1314 1296 1

129 1354 290 1420 Porsena
320 1376 378 1444 pro
414 1357 447 1432 i,
482 1365 578 1443 atque
593 1364 725 1442 praeter
749 1351 954 1441 locos,.quos
975 1351 1046 1418 vide
1065 1352 1098 1419 ia
1120 1350 1316 1431 Collatione,

128 1475 181 1540 hic
213 1487 336 1540 notasse
364 1473 501 1539 sufficiat
534 1473 582 1552 V,
609 1477 629 1538 4
658 1470 744 1560 37,
768 1472 824 1538 ubi
856 1472 957 1538 Maius
979 1472 1066 1539 dedit
1090 1496 1177 1563 «per
1199 1472 1318 1539 medios

131 1597 272 1684 ignire>
293 1595 416 1661 etiamsi
439 1595 473 1658 ia
496 1593 605 1659 codice
625 1605 710 1658 recte
733 1592 849 1682 legitur
872 1597 983 1682 ignes.
1021 1593 1140 1682 Lapsus
1159 1606 1206 1660 est
1228 1594 1318 1660 deai-

130 1738 191 1805 que
223 1717 256 1781 in
288 1714 399 1781 iisdem
428 1714 541 1779 litteris
573 1726 731 1780 corrector
760 1713 925 1780 scribendo
950 1718 983 1793 i,
1009 1714 1065 1793 ubi
1086 1715 1184 1794 VIII,
1210 1719 1229 1779 9
1254 1721 1271 1801 §
1297 1719 1317 1779 4

129 1838 231 1927 prima
263 1858 375 1902 manus
404 1834 552 1901 dederat:
602 1834 771 1900 «Pericles
797 1836 831 1901 in
854 1847 978 1901 tantum
1000 1836 1115 1902 enituit
1137 1835 1318 1925 eloquentia

131 1971 184 2037 ut,
217 1979 291 2023 cum
322 1980 340 2020 a
369 1955 505 2045 quodam
535 1978 609 2021 sene
638 1956 671 2022 in
696 1957 843 2021 contione
869 1954 993 2021 auditus
1016 1967 1117 2034 esset,
1141 1978 1205 2022 non
1229 1954 1318 2021 dissi·

131 2078 214 2143 milis
237 2077 290 2142 hic
314 2077 452 2155 diceret,
476 2076 730 2155 Athenienses,
756 2076 947 2141 Pisistrati.»

174 2197 260 2265 Male
288 2197 426 2286 irrepere
459 2219 566 2286 passus
597 2208 643 2262 est
674 2195 776 2262 editor
798 2196 936 2262 litteram
960 2219 983 2260 u
1006 2196 1077 2264 Lib.
1103 2196 1166 2275 IX,
1194 2194 1271 2286 Gap.
1301 2201 1315 2261 l

133 2322 150 2404 §
175 2323 213 2384 7:
263 2316 455 2383 «Gemellus
489 2317 677 2383 tribunicius
700 2317 801 2382 viator
823 2317 1014 2405 flagitiosum
1038 2317 1216 2384 convivium
1242 2339 1319 2385 con-

133 2436 253 2504 sulibus
284 2459 321 2503 ac
354 2437 489 2503 tribunis
511 2437 613 2527 plebis
636 2439 837 2528 conparavit,
862 2436 1009 2527 lupanari
1032 2436 1148 2504 domui
1172 2460 1246 2504 suae
1268 2441 1320 2506 in·

135 2560 281 2625 stituto.»
328 2558 412 2647 Lege
436 2558 530 2623 domi
552 2572 587 2626 ut
611 2558 695 2650 apud
717 2559 788 2624 Vel.
814 2557 880 2637 lx,
907 2564 923 2623 1
951 2555 975 2646 3
999 2561 1031 2624 8.
1104 2533 1106 2536 Α

179 2678 301 2769 (11111111Δ
323 2703 389 2769 seq.
420 2679 443 2768 3
475 2684 517 2744 14
547 2680 644 2746 codex
668 2703 742 2746 cum
766 2680 892 2745 Valerio
916 2678 982 2757 ΙΙΙ,
1008 2681 1027 2742 2
1050 2678 1121 2744 Est.
1147 2675 1171 2765 3
1199 2684 1218 2744 4
1242 2702 1319 2746 con·

132 2802 228 2892 spirat
258 2801 291 2865 in
323 2802 476 2891 scriptura
498 2800 731 2890 Diogyridis,
756 2801 796 2867 de
820 2822 883 2889 quo
909 2799 1060 2866 Thraciae
1084 2800 1165 2889 regis
1188 2802 1318 2869 nominc

131 2921 329 3011 disputatur,
354 2921 409 2988 sed
433 2945 498 2987 non
522 2934 589 2987 erat
613 2945 670 2987 cur
694 2944 768 2987 cum
791 2944 834 2986 rr
856 2919 1056 2986 scriberetur.

175 3041 288 3108 Notan'
314 3054 428 3130 potest
460 3041 596 3107 secunda
635 3064 748 3107 manua
783 3041 868 3131 quod
903 3040 1068 3131 adscripsit
1104 3041 1320 3130 deliciasque

133 3170 291 3227 caecaret
315 3161 381 3240 lx,
409 3164 421 3226 1
451 3160 474 3250 3
500 3166 519 3226 9
545 3161 584 3225 ad
609 3161 728 3227 Paridis
752 3162 847 3228 verba
874 3159 1067 3251 «Campana
1090 3160 1213 3230 luxuria
1232 3173 1321 3227 tanta

133 3283 213 3361 fuit,
246 3294 282 3346 ut
313 3282 467 3347 invictum
499 3283 592 3348 armis
621 3282 835 3350 Hannibalem
866 3282 905 3347 ad
935 3305 1081 3350 somnum
1113 3281 1322 3349 deliciorum

135 3405 324 3468 resolveret
335 3426 369 3482 ,»
402 3414 539 3468 attamen
571 3402 713 3469 nondum
738 3402 839 3470 audeo
862 3404 922 3470 iata
946 3403 1050 3472 Paridi
1073 3402 1223 3482 reddero,
1246 3426 1325 3469 nam

134 3523 323 3614 mspoadent
356 3523 487 3612 quidem
519 3525 695 3590 accuratius
719 3524 844 3590 Valerio
867 3524 933 3604 IX,
961 3526 975 3590 t
1005 3523 1124 3613 Ε11.3
1153 3529 1187 3603 1,
1212 3547 1322 3593 verum

134 3645 217 3710 hano
233 3645 347 3734 ipsam
379 3643 420 3709 ob
452 3667 579 3711 causam
605 3646 659 3711 illa
683 3669 748 3711 non
772 3669 809 3712 ex
832 3668 869 3712 eo
893 3658 1039 3735 excerpta
1062 3644 1116 3712 sed
1138 3669 1176 3712 ex
1198 3646 1324 3735 integro

135 3765 252 3832 Valerii
281 3763 390 3830 codice
417 3765 604 3832 crediderim
639 3766 794 3856 descripta
826 3790 847 3831 a
882 3766 1020 3844 lectore,
1057 3767 1110 3834 oui
1132 3766 1225 3835 libuit
1248 3790 1322 3858 pas·

134 3888 191 3951 sim
212 3888 247 3952 in
270 3884 331 3950 boc
355 3885 435 3950 libro
459 3887 505 3952 IX
528 3887 673 3977 supplere
693 3887 916 3954 abbreviatoris
939 3886 1043 3952 rerba.
1081 3885 1198 3956 Sedulo
1219 3888 1320 3955 Maius

135 4007 248 4096 sprevit
281 4007 341 4071 ista
372 4006 604 4088 additamenta,
639 4031 720 4098 quae
752 4009 785 4074 in
818 3995 994 4074 Collatione
1012 4007 1162 4076 >invenies
1190 4022 1320 4089 notata,

134 4140 257 4217 praeter
288 4150 384 4216 quam
415 4129 500 4217 quod
525 4129 588 4195 duo
611 4130 707 4196 rerba
726 4131 760 4195 in
780 4141 900 4195 textum
920 4129 1074 4217 receperit
1091 4127 1166 4218 Cap.
1190 4134 1209 4194 3
1231 4129 1255 4219 3
1277 4135 1319 4210 2,

137 4270 217 4336 quae
256 4247 445 4336 epitomator
468 4249 516 4314 rix
538 4251 641 4339 potuit
664 4250 876 4341 supprimere:
926 4246 995 4314 «Ο.
1022 4248 1152 4337 Figulus
1173 4252 1320 4317 consula-

135 4380 202 4432 tum
233 4390 298 4432 non
329 4367 475 4458 adeptus,
507 4392 581 4437 cum
613 4371 651 4436 ad
681 4394 755 4439 eum
779 4369 964 4438 consulendi
987 4391 1080 4435 causa
1102 4371 1196 4438 multi
1220 4373 1319 4439 renis·

135 4502 221 4568 sent,
256 4511 370 4554 omnes
401 4489 540 4555 dimisit
571 4492 615 4557 sio
646 4493 820 4582 praefatus:
860 4515 900 4558 an
935 4514 987 4559 ros
1021 4491 1183 4559 consulere
1214 4493 1318 4571 scitis,

137 4609 296 4676 consulem
319 4611 423 4677 facere
448 4611 623 4679 nescitis?>›
660 4611 777 4680 Contra
802 4613 908 4683 deesse
931 4626 1033 4702 potest
1053 4613 1183 4682 verbum
1200 4615 1232 4681 ia
1245 4639 1328 4704 per·;
