2888 5144
142 299 205 362 166
454 328 457 333 ·
612 314 721 362 murus
745 315 851 362 ranrs.

139 483 320 561 subscribo,
350 483 466 572 quibus
493 483 655 549 saeculum
679 484 883 551 undecimum
907 484 960 550 hic
980 484 1061 550 liber
1085 484 1145 550 sibi
1167 483 1325 551 vindicare

138 603 271 670 ridetur.
322 603 420 670 Tituli
447 604 601 670 librorum
633 628 758 671 necnon
781 604 915 694 {rubrica
938 619 1034 695 atque
1057 604 1324 695 paragraphorum

137 724 272 790 initiales
307 725 346 790 ad
381 726 533 791 rusticum
569 725 759 814 quadratum
789 713 888 815 genus
919 727 998 792 illud
1022 728 1203 816 pertinent,
1238 726 1325 791 cuius

137 846 317 935 exemplum
353 845 423 912 ride
457 847 490 911 in
526 845 617 911 titulo
654 845 737 935 apud
773 846 912 924 Maium,
948 847 982 912 in
1016 846 1127 915 tabula
1161 859 1241 912 tom.
1278 845 1325 911 lll

137 964 253 1055 Script.
280 967 351 1032 Vct.
378 966 537 1056 specimen
563 970 593 1030 2.

181 1086 317 1176 Reliqua
343 1086 566 1152 minutioribus
597 1098 721 1152 exarata
750 1099 822 1152 sunt
852 1087 1045 1153 nitidissimis
1070 1101 1101 1153 et
1125 1088 1323 1154 accuratissi-

134 1207 213 1287 mis,
245 1208 289 1272 ita
321 1220 357 1273 ut
379 1208 491 1273 lectori
509 1230 550 1272 ne
573 1208 709 1296 speciem
732 1207 926 1274 difficultatis
946 1207 1132 1299 praebeant3
1160 1207 1239 1273 hinc
1262 1207 1320 1273 mi-

134 1327 268 1393 randum
300 1328 384 1416 quod
409 1328 510 1393 Maius
533 1340 580 1393 tot
602 1350 722 1394 errores
746 1328 956 1407 commiserit,
986 1340 1116 1394 mmor
1141 1327 1317 1418 apparebit.

133 1448 281 1515 Attamen
305 1449 498 1515 maiusculae
518 1469 558 1527 rt,
581 1469 603 1513 n
626 1450 741 1538 passim
765 1462 955 1528 occurrunt,
977 1462 1009 1515 et
1028 1451 1061 1514 in
1081 1472 1321 1539 monogramma

132 1593 213 1658 quae
237 1570 423 1637 coaluerunt
447 1580 505 1648 ot,
532 1593 584 1634 us.

176 1691 235 1756 Per
262 1704 364 1756 totum
393 1691 510 1756 librum
542 1690 633 1756 obvia
664 1703 710 1756 est
734 1689 871 1756 secunda
894 1713 1006 1754 manus
1031 1690 1141 1755 itidem
1165 1690 1239 1755 satis
1263 1712 1318 1755 au·

128 1813 237 1900 tiqua,
281 1814 334 1878 cui
375 1813 538 1878 infinitum
579 1810 837 1877 emendationum
872 1833 1041 1876 numerum
1076 1810 1247 1891 dehemus,
1284 1821 1318 1875 nt

130 1929 264 1997 Gollatio
299 1932 444 2011 docebit,
481 1944 641 2021 praeterea
667 1930 750 2020 quod
776 1944 956 1997 constanter
982 1930 1182 2010 emendavit,
1207 1931 1264 1996 ubi
1286 1933 1317 1997 in

129 2052 353 2142 orthographia
389 2054 490 2142 prima
521 2073 634 2116 manus
663 2065 868 2142 peccaverat,
899 2052 937 2117 de
969 2074 1032 2140 quo
1063 2053 1169 2118 statim
1198 2052 1314 2132 dicam;

129 2185 160 2238 et
191 2196 282 2239 voces
305 2172 389 2238 male
409 2171 555 2237 dissectas
580 2172 712 2236 correxit
736 2185 865 2261 excepto
888 2174 1017 2239 fortasse
1041 2173 1101 2238 hoc
1125 2175 1220 2240 unico
1245 2173 1314 2239 Lib.

128 2293 144 2359 l
183 2293 260 2383 Cap.
303 2299 323 2359 3
357 2296 374 2378 §
410 2296 446 2356 l:
497 2292 634 2357 «Numa
664 2292 789 2357 volebat
820 2292 971 2382 degeriae
1000 2299 1131 2358 monitu
1161 2317 1198 2358 se
1230 2317 1315 2382 quac

128 2416 344 2505 acceptissima
376 2413 441 2479 deis
473 2436 559 2478 sacra
591 2413 714 2493 forent,
738 2414 902 2480 instituere
925 2414 1067 2493 rideri‚>›
1092 2414 1147 2480 ubi
1170 2414 1314 2480 hbrarius

127 2534 219 2600 modo
255 2559 311 2600 suo
346 2534 451 2600 dedit:
492 2537 643 2598 monitus
679 2557 806 2622 aeque,
842 2534 895 2600 sed
931 2534 998 2600 non'
1026 2548 1094 2601 erat
1125 2558 1183 2602 cur
1214 2536 1313 2617 Maius

127 2655 166 2721 ab
190 2656 245 2721 illo
269 2654 443 2721 discederet
466 2654 605 2721 scribens
626 2654 783 2744 degerim
805 2678 862 2744 pro
887 2656 1086 2720 usitatissima
1110 2655 1261 2745 Egeria.

171 2777 273 2865 Igitur
302 2775 389 2840 hunc
421 2774 563 2858 codicem
594 2798 694 2864 quum
725 2775 774 2840 rel
804 2777 853 2840 vir
878 2798 951 2840 cum
976 2776 1051 2841 Maii
1073 2776 1213 2843 editione
1238 2799 1313 2842 cou-

126 2898 207 2963 ferre
237 2897 461 2974 instituissem,
488 2896 633 2984 apparuit
657 2894 872 2961 doctissimum
896 2896 1012 2961 Italum
1035 2897 1151 2986 passim
1175 2920 1311 2976 errasse,

127 3031 181 3083 aut
212 3040 268 3106 pro
299 3015 405 3080 lubitu
436 3014 497 3079 alia
516 3014 656 3093 dedisse,
682 3039 777 3104 quam
801 3016 881 3082 liber
904 3013 1049 3096 exhibet,
1071 3016 1116 3082 ita
1135 3030 1171 3083 ut
1191 3017 1312 3085 doleam

126 3137 308 3226 Kempfium
331 3159 396 3201 non
420 3137 557 3225 potuisse
581 3136 666 3202 adire
689 3137 849 3227 egregium
870 3137 1006 3217 librum,
1028 3161 1102 3203 nam
1121 3138 1208 3204 haud
1228 3164 1312 3231 sper·

125 3256 229 3323 nenda
264 3242 460 3322 incrementa
491 3270 602 3323 nactus
637 3270 717 3324 esset
753 3258 870 3323 Valerii
905 3272 1072 3348 apparatus
1107 3260 1236 3328 criticus
1259 3263 1312 3351 qui

124 3378 250 3444 dicitur.
298 3377 366 3443 Imo
398 3377 438 3443 de
468 3401 548 3444 nora
577 3378 800 3469 Epitomatoris
823 3379 961 3445 editione
992 3381 1139 3470 cogitatio
1170 3383 1310 3448 animum

126 3498 240 3592 subiit,
277 3497 330 3564 sed
366 3498 434 3564 aliis
468 3500 551 3566 hanc
585 3501 780 3590 provinciam
811 3501 912 3566 libens
940 3500 1098 3581 concedo,
1128 3525 1204 3568 nam
1227 3503 1311 3569 Paris

125 3618 196 3684 talis
227 3632 274 3686 est
304 3631 433 3698 auctor,
468 3643 564 3709 quem
594 3633 663 3686 tute
687 3644 813 3711 spernas
837 3644 912 3711 prae
937 3622 1054 3686 Valerii
1078 3645 1192 3712 opere,
1217 3623 1309 3690 dum·

125 3739 220 3804 modo
244 3739 332 3806 istius
356 3741 435 3805 ratio
460 3740 615 3808 habeatur
637 3743 671 3807 in
695 3743 767 3807 crisi
792 3741 971 3807 Valeriana.

173 3860 335 3949 Quidquid
356 3875 423 3939 est,
453 3860 542 3926 lubet
573 3885 660 3927 nunc
692 3862 851 3928 Lectionis
877 3874 1001 3928 tantum
1025 3863 1215 3931 Varietatcm
1238 3888 1310 3955 pro·

126 3979 219 4060 ferre,
232 3982 402 4071 praemissa
411 3981 610 4070 quorundam
619 3982 761 4048 locorum
774 3981 1005 4062 emendatione,
1025 4008 1088 4073 qua
1100 3984 1309 4053 demonstrem

127 4123 223 4190 quam
245 4116 333 4191 grata
356 4103 548 4193 negligentia
571 4104 673 4170 Maius
696 4103 783 4170 hunc
809 4104 1067 4171 Abbreriatorem
1091 4106 1243 4186 ediderit,
1275 4121 1309 4173 nt

32 4198 35 4205 ι
127 4223 170 4288 sic
198 4221 328 4288 demum
356 4237 504 4315 appareat
535 4249 598 4291 non
629 4249 746 4290 vanum
770 4248 876 4292 meum
902 4227 997 4293 luisse
1019 4228 1177 4304 laborem,
1203 4229 1309 4296 etalii

128 4342 253 4408 rideant
278 4357 431 4432 quatenus
456 4360 576 4413 constet
599 4347 638 4413 de
662 4348 805 4413 lectionis
829 4349 1015 4437 integritate.

633 4607 781 4617 ια--ο--οο-
