2888 5144
172 334 216 395 46
547 346 667 394 cronno
692 345 735 392 nr
759 344 801 390 nu
826 345 981 394 runtrcr.

173 517 270 584 rideri
301 517 430 582 fortasse
453 515 591 583 secunda
614 516 854 582 manufactum
880 518 1024 594 Tullus,
1048 515 1081 581 id
1103 536 1191 580 nuno
1212 515 1359 604 inspecto

170 661 278 704 rursus
312 637 420 704 codice
451 639 501 704 rix
535 650 665 728 apparet
692 651 747 703 aut
770 660 811 704 ne
841 639 890 703 vix
915 636 1081 726 quidem.»
1128 635 1243 715 Maius3
1272 658 1359 724 quae

170 781 272 848 quum
299 758 467 837 scriberet,
497 757 672 847 Go'ttlingio
695 757 782 824 hunc
805 758 912 823 locum
935 758 1081 847 inspectu
1104 756 1271 846 praebuit,
1298 756 1358 846 qui

170 880 279 969 (llo'm.
317 877 498 945 Staatsrerf.
528 902 561 967 p.
596 877 674 967 501)
706 878 832 944 nullum
863 878 1090 944 emendationis
1120 878 1287 967 vestigium
1322 901 1357 942 se

168 999 279 1066 vidisse
313 1011 444 1064 testatus
475 1010 532 1064 est.
583 997 625 1063 lt
656 1021 715 1088 ego
743 998 933 1064 fortunatior
954 998 1019 1077 fui,
1044 1020 1120 1062 nam
1140 997 1355 1087 splendidiore

167 1120 257 1187 coelo
288 1122 435 1198 iurante,
463 1120 594 1209 opinor,
620 1140 749 1184 cernere
772 1117 863 1184 Ilouit
885 1128 900 1182 t
922 1120 1019 1208 priori
1042 1118 1287 1207 suprascriptam
1311 1141 1355 1197 n,

165 1254 284 1332 puncta
308 1240 419 1307 litteris
435 1263 465 1329 p
488 1251 520 1305 et
543 1239 634 1305 alteri
654 1243 670 1303 i
693 1238 819 1318 addita,
844 1261 969 1305 necnon
990 1238 1178 1304 lineolarum
1198 1239 1353 1327 vestigia,

166 1361 281 1452 quibus
303 1360 485 1428 delerentur
507 1384 546 1440 s,
563 1384 593 1451 p
616 1372 648 1426 et
670 1384 706 1440 c,
732 1361 776 1425 ita
799 1373 835 1426 ut
859 1358 1040 1450 Sulpicius
1063 1370 1244 1425 correctum
1266 1360 1354 1425 sitin

167 1482 303 1549 Tutius.
353 1482 417 1549 Fac
446 1493 554 1546 tamen
584 1477 664 1546 mihi
694 1481 793 1546 risam
815 1504 881 1548 esse
902 1493 1028 1547 tantum
1051 1479 1136 1546 hanc
1157 1478 1352 1546 emendatio·

163 1626 257 1682 nem,
281 1624 344 1668 non
368 1614 436 1669 erat
459 1602 592 1691 opinor,
618 1623 675 1666 cur
697 1600 775 1667 fides
795 1601 968 1668 haberetur
984 1601 1113 1666 librario
1132 1601 1249 1691 passim
1267 1601 1354 1666 osei-

163 1727 243 1790 tanti
277 1737 309 1790 et
343 1723 405 1789 hoc
439 1723 509 1788 looo
543 1721 667 1787 fallenti
697 1734 827 1811 propter
859 1723 972 1788 lolium
1006 1720 1091 1811 quod
1126 1733 1281 1800 uerteret,
1312 1735 1352 1787 ut

163 1844 290 1912 Servius
319 1843 441 1909 Tullius
473 1843 566 1908 tertio
601 1843 750 1922 nomine,
781 1841 960 1932 Sulpicium
989 1842 1081 1920 dico,
1106 1841 1272 1932 ganderet3
1300 1842 1351 1909 rel

162 1964 264 2030 lIains
293 1964 348 2053 qui
370 1964 568 2052 investigarit
591 1984 670 2026 num
697 1964 767 2051 quis
790 1974 880 2028 retus
902 1975 1013 2029 auctor
1036 1961 1215 2051 Sulpicium
1234 1961 1351 2029 dixerit

162 2083 325 2159 Serrium,
358 2096 429 2174 post
457 2106 575 2149 ranurn
598 2083 760 2163 laborem,
785 2097 821 2150 ut
843 2085 909 2175 ipse
932 2095 1086 2163 testatur,
1110 2083 1236 2148 nonnisi
1259 2104 1350 2148 com-

159 2217 371 2272 mentatorem
406 2203 446 2269 ad
481 2205 695 2294 Augustinum
730 2227 767 2271 ex
802 2205 962 2295 incognito
992 2217 1122 2270 auctore
1154 2202 1239 2269 idem
1266 2203 1350 2269 illud

160 2325 337 2393 tradentem
362 2326 465 2407 affert3
492 2339 523 2392 et
546 2338 654 2392 tamen
677 2324 830 2392 doctrina.
845 2326 1126 2416 abusus-longiore
1144 2323 1350 2392 adnotatione
1418 2316 1424 2324 ¹

160 2470 227 2514 rem
251 2469 450 2536 concoquere
474 2459 605 2513 conatus
628 2459 693 2526 est,
723 2447 987 2538 sapientissimum
1007 2445 1216 2536 Burghesium
1236 2445 1350 2512 absur-

159 2567 218 2634 dae
242 2567 473 2633 controversiae
495 2567 632 2634 iudicem
655 2568 816 2634 invocans.
867 2568 991 2633 Bonum
1011 2568 1131 2633 iactum
1146 2565 1232 2656 quod
1247 2566 1347 2632 libra·
1409 2641 1412 2648 ¹

159 2688 206 2752 rio
237 2711 294 2753 sua
325 2687 497 2754 reddiderit
527 2690 625 2755 altera
656 2711 788 2768 manus,
817 2711 892 2753 nam
915 2700 999 2754 recte
1023 2688 1152 2754 omnino
1175 2688 1227 2753 isti
1250 2687 1347 2754 Gott-

158 2809 275 2898 lingius
307 2821 338 2874 et
367 2808 428 2874 hoc
459 2809 571 2874 vitium
603 2808 735 2888 tribuit,
766 2822 800 2874 et
829 2832 947 2875 errores
980 2811 1013 2874 in
1033 2809 1106 2874 loco
1130 2810 1346 2875 centuriarum

160 2929 408 2994 enumerationis
432 2928 560 3007 obvios,
585 2928 640 2994 ubi
664 2930 797 3019 repetita
819 2930 914 2996 lectio
937 2930 983 2995 nil
1005 2931 1080 2995 nori
1102 2931 1204 2997 affert.

205 3169 310 3236 XXII.
346 3171 363 3254 §
402 3174 456 3237 40.
504 3170 599 3250 Eos,
636 3175 699 3260 qui
728 3179 793 3236 aut
814 3194 881 3236 non
896 3172 984 3261 plus
1007 3171 1103 3235 mille
1120 3173 1344 3259 quingentum

158 3295 277 3369 ueris,
306 3298 370 3354 uut
399 3294 534 3356 omnino
564 3292 659 3356 nihil
687 3295 726 3357 in
756 3315 855 3356 suurn
890 3315 1026 3357 censum
1053 3301 1204 3382 praeter
1238 3301 1346 3380 eaput

158 3413 389 3488 attulissent,
418 3412 640 3498 proletarios
672 3415 876 3479 nominauit.
924 3411 1026 3477 Codex
1048 3412 1150 3501 prima
1168 3433 1267 3476 manu
1286 3411 1344 3477 ha-

158 3532 213 3599 bet
237 3540 372 3596 centum
396 3533 448 3598 cui
471 3552 494 3598 n
518 3532 719 3624 superaddita
740 3557 807 3599 esse
830 3532 954 3599 ridetur
976 3532 1078 3611 Maio,
1102 3531 1135 3596 id
1158 3532 1344 3600 estfactum

158 3656 393 3742 quingentum.
441 3652 556 3719 Fateor
589 3676 629 3720 ne
652 3654 845 3720 levissimum
868 3652 998 3743 quidem
1020 3653 1108 3717 istius
1132 3672 1155 3718 n
1178 3654 1344 3743 vestigium

156 3796 209 3839 me
239 3772 345 3840 ridere
375 3775 527 3861 potuiss03
554 3797 619 3840 non
641 3776 764 3864 integra
786 3775 881 3840 huius
903 3775 1037 3864 paginae
1059 3773 1213 3862 scriptura
1236 3775 1270 3839 in
1292 3775 1343 3840 lu-

157 3916 227 3960 cem
259 3893 372 3972 rediit,
410 3916 519 3959 verum
555 3894 611 3960 ubi
645 3897 774 3960 omnino
809 3893 890 3960 nihil
924 3905 1053 3984 apparet
1084 3893 1170 3958 illius
1199 3893 1342 3974 litterae,

155 4012 302 4080 -nondum
325 4038 362 4081 ex
387 4017 487 4095 l,100
511 4017 590 4081 aeris
613 4016 717 4082 facere
739 4017 814 4081 licet
839 4018 959 4094 1‚500‚
983 4016 1106 4081 etiamsi
1127 4014 1246 4082 Gellius
1256 4013 1344 4081 hunc

157 4157 327 4200 nmuerum
362 4135 471 4216 tradit3
507 4136 551 4200 sic
586 4134 767 4201 Huschlrius
797 4136 830 4200 in
861 4137 1076 4201 centuriarum
1106 4137 1227 4203 ratione
1257 4135 1343 4202 haud

156 4255 202 4320 ita
239 4254 370 4343 hospes,
410 4259 510 4335 l,100
545 4257 680 4323 retinere
715 4256 847 4336 maluit,
885 4257 940 4347 qui
974 4279 1124 4323 numerus
1155 4280 1218 4344 quo
1248 4255 1342 4322 modo

158 4375 289 4442 Liuiano
316 4378 440 4454 11,000
464 4377 668 4467 respondeat,
692 4376 818 4444 rideant
840 4378 1014 4467 peritiores.

204 4618 324 4685 XXIII.
352 4620 369 4702 §
396 4621 450 4687 43.
499 4619 635 4685 Desunt
662 4625 797 4687 omnino
827 4624 861 4686 ei
880 4620 1009 4708 populo
1033 4620 1163 4697 multu,
1196 4623 1258 4708 qui
1279 4619 1340 4684 sud
