2888 5144
163 329 181 388 2
543 341 661 390 crcrno
686 341 728 388 mr
753 342 794 389 nn
820 343 973 394 runtxcx.

758 464 767 495 1

161 511 270 578 tulerit
294 510 491 578 doctissimus
525 511 659 600 Heysius
673 513 703 592 ¹,
737 514 792 602 qui
824 512 971 579 uberiore
1001 512 1144 581 doctrina
1176 529 1207 582 et
1234 520 1353 584 maiore

160 632 423 725 palaeographiae
447 633 577 699 scientia
600 635 772 700 instructus
791 632 1031 724 palimpsesturn
1045 635 1235 704 Vaticanum
1249 641 1353 706 retol-

160 779 236 822 tens
259 753 360 820 multa
383 754 538 819 invenerit
560 755 692 834 omissa,
724 778 784 820 nec
807 778 909 844 pauca
931 778 1098 846 perperam
1122 758 1204 824 lecta
1224 761 1351 826 restitu-

162 877 233 944 erit.
283 875 384 966 Igitur
401 873 466 940 iani
485 873 541 940 diu
557 875 704 964 apparuit
726 875 905 964 legitimum
916 897 983 942 esse
1001 875 1213 958 desiderium,
1234 879 1351 969 dequo

161 995 329 1076 dicebam,
363 996 427 1062 site
450 993 660 1061 diffidentiam
686 995 804 1074 maris,
837 993 889 1060 eui
912 996 1144 1062 occurrendum
1167 1021 1233 1065 esse
1256 1000 1350 1066 multi

163 1118 362 1195 clamarunt,
400 1139 494 1182 nemo
517 1115 556 1180 ad
579 1115 642 1182 hoc
665 1139 765 1204 usqua
788 1129 913 1207 tempus
937 1115 1103 1184 subvenire
1126 1119 1250 1208 potuit,
1275 1143 1350 1187 nam

160 1262 218 1329 per
241 1239 344 1328 ipsum
368 1237 459 1303 illum
483 1236 622 1325 primurn
647 1235 801 1303 editorem
824 1260 888 1303 non
912 1236 1041 1304 licebat.

205 1358 326 1425 Maium
349 1357 389 1423 de
412 1356 524 1423 litteris
543 1356 662 1446 optima
685 1357 835 1422 meritum
854 1379 920 1423 esse
944 1380 1053 1424 omncs
1072 1360 1293 1440 consentiunt,
1318 1373 1350 1428 ct

158 1481 228 1545 iure
250 1479 543 1556 immortalitatem,
576 1476 729 1566 quamdiu
751 1477 831 1544 haec
855 1491 961 1544 nostra
981 1478 1084 1545 studia
1110 1481 1348 1570 perdurabunt,

159 1600 244 1666 illius
267 1600 389 1665 nomini
411 1596 617 1688 praedicant,
649 1599 768 1688 quippe
793 1599 849 1687 qui
876 1598 1043 1665 studiosior
1061 1598 1217 1666 indefesso
1240 1601 1348 1669 labore

159 1721 307 1786 incitatus
347 1732 443 1809 atque
472 1719 652 1784 acutissima
687 1716 853 1783 oculorum
886 1718 953 1785 acie
980 1718 1141 1809 praeditus
1173 1720 1212 1785 ad
1243 1722 1349 1789 lucem

157 1841 346 1932 protraxerit
376 1862 586 1930 quaecunque
616 1838 735 1905 inedita
758 1839 791 1904 in
817 1838 934 1905 Italicis
967 1838 1172 1906 Bibliothecis
1200 1842 1347 1911 laterent.

159 1961 228 2029 Nec
263 1984 321 2052 ego
357 1961 532 2050 quidquam
556 1960 595 2026 de
619 1982 742 2026 summa
765 1959 850 2026 illius
873 1958 1046 2026 industriae
1071 1960 1165 2028 laude
1188 1961 1348 2031 detractu·

159 2105 212 2148 rus
236 2104 326 2160 sum,
351 2103 425 2146 narn
450 2103 531 2146 unus
555 2078 594 2145 de
617 2080 726 2170 paucis
749 2093 951 2169 perspectum
974 2079 1097 2160 habeo,
1124 2082 1238 2169 quibus
1262 2084 1347 2152 diffi-

159 2201 330 2269 cultatibus
354 2201 448 2290 longe
471 2199 685 2290 gratioribus,
712 2222 808 2289 quam
827 2200 921 2291 vulgo
941 2199 1101 2280 creditur,
1126 2218 1348 2290 premerentur

121 2372 123 2376 ψ
158 2324 243 2389 illius
266 2321 414 2402 labores;
440 2343 551 2388 rerum
575 2319 637 2387 boc
660 2343 780 2399 unum,
806 2320 892 2410 quod
915 2343 1039 2386 summo
1058 2322 1126 2389 riro
1149 2322 1259 2390 obiicit
1281 2324 1347 2391 his-

159 2446 240 2511 toria
270 2465 376 2509 rerum
408 2440 639 2529 bominumque
662 2463 787 2507 severus
806 2439 918 2520 iudex,
948 2464 1014 2508 non
1041 2443 1198 2524 reticebo,
1224 2445 1347 2512 etiarnsi

157 2563 276 2656 pudeat
307 2584 479 2652 sanequam
511 2560 691 2626 ambitionis
726 2560 897 2628 invidiosae
928 2563 1049 2629 crimen
1081 2562 1129 2629 illi
1159 2562 1254 2644 dare,
1287 2589 1347 2634 nec

156 2687 321 2765 fecissem,
351 2685 412 2750 nisi
442 2696 571 2774 propter
600 2682 686 2749 hanc
710 2683 811 2772 ipsam
843 2705 970 2749 causam
997 2683 1167 2751 incertiora
1192 2685 1345 2767 fuissent,

158 2829 369 2897 quaecunque
401 2806 460 2870 riri
489 2804 574 2870 docti
602 2804 775 2869 laborarint
803 2805 837 2869 in
868 2803 945 2870 Maii
968 2805 1117 2893 operibus
1142 2806 1346 2874 emendandis

158 2927 366 3016 edendisque.
423 2924 535 2992 Aditus
563 2925 648 2992 enirn
680 2923 719 2990 ad
750 2923 893 3005 codices,
925 2926 981 3015 qui
1010 2925 1096 2992 illius
1125 2926 1222 3017 ipsius
1250 2949 1345 3018 opera

157 3048 315 3115 desierant
333 3045 457 3114 inedita
475 3047 658 3125 continere,
683 3040 931 3112 interdicebatur
950 3069 968 3110 a
986 3046 1148 3112 fortunato
1168 3045 1345 3114 Bibliothe-

157 3193 213 3238 cae
233 3169 411 3245 Praefecto,
437 3169 463 3235 si
485 3170 519 3234 in
538 3180 625 3233 vasto
649 3167 804 3233 Vaticano
827 3167 974 3234 thesauro
998 3180 1181 3248 serrantur,
1202 3168 1250 3277 sip
1272 3191 1345 3234 vcro

79 3354 83 3365 ,
158 3293 192 3357 in
228 3291 296 3356 aliis
335 3289 451 3356 Museis
490 3287 646 3355 reconditi
676 3288 838 3368 latebant,
869 3287 956 3355 haud
987 3289 1031 3355 ita
1059 3289 1199 3356 feliciore
1230 3303 1345 3357 euentu

158 3413 320 3502 inquirere
342 3421 490 3499 poterant
511 3408 640 3475 studiosi
660 3408 828 3476 deficiente
852 3408 1064 3476 bibliothecae
1090 3409 1283 3477 indicatione
1304 3412 1345 3478 li-

157 3534 327 3600 brorumve
342 3552 496 3609 numero,
513 3553 609 3619 quem
622 3529 661 3597 de
672 3531 852 3621 proposito,
869 3543 905 3597 ut
923 3528 1122 3620 quorundam
1141 3529 1203 3596 fert
1219 3531 1343 3620 opinio,

158 3655 347 3732 reticuerat,
372 3675 447 3718 nam
467 3650 523 3716 ubi
543 3649 688 3718 codicum
711 3651 759 3717 illi
780 3650 944 3718 excidisset
968 3649 1343 3741 quaedamsignificatio,

119 3859 127 3872 .
159 3777 254 3868 vulgo
278 3796 416 3841 errorem
439 3772 597 3862 irrepsisse
619 3772 779 3862 frequenti
802 3771 994 3861 experientia
1017 3768 1146 3836 edoctus
1170 3794 1252 3838 sum.

208 3899 249 3964 Et
284 3895 362 3986 quid
398 3917 514 3985 quaeso
544 3894 645 3960 felicis
674 3905 835 3960 tantarum
870 3915 977 3959 rerum
1000 3892 1172 3958 inventoris
1194 3894 1344 3959 intererat

159 4019 283 4107 copiam
318 4015 393 4081 dare
424 4014 509 4081 nolle
532 4015 586 4094 iis,
612 4015 668 4103 qui
694 4011 908 4080 emendatiora
932 4010 1037 4079 adbuc
1058 4012 1152 4080 edere
1175 4014 1271 4080 etiam
1295 4028 1344 4080 at-

159 4161 222 4229 que
245 4139 341 4203 etiam
374 4135 565 4226 cupiebant,
598 4155 680 4224 quae
708 4135 774 4224 ipse
796 4135 912 4224 passim
943 4134 1113 4201 confitetur
1140 4158 1173 4201 se
1201 4133 1344 4202 nondum

157 4260 297 4350 perfecta
321 4259 354 4323 in
377 4257 482 4322 lucem
505 4254 664 4333 emisissc3
690 4275 746 4318 nos
763 4254 850 4319 enim
873 4276 1001 4334 omnes,
1027 4255 1083 4344 qui
1102 4253 1214 4327 iisdem
1232 4255 1345 4324 litteris

156 4475 300 4490 *un-

194 4585 219 4650 1)
237 4579 338 4646 rorysu
360 4578 457 4629 naar.
480 4574 607 4640 excerpta
625 4575 743 4640 gnoma
766 4578 792 4627 n
813 4576 929 4642 parmps.
947 4576 1031 4629 vatic.
1045 4575 1172 4633 xxxur.
1186 4551 1259 4644 ως.
1279 4577 1342 4629 nau

158 4673 224 4722 curis
240 4669 367 4732 resignato
384 4659 527 4714 retractavit
543 4659 641 4712 Theod.
655 4659 755 4726 Heyse,
774 4669 809 4713 4⁰.
827 4663 897 4715 Berl.
910 4665 982 4712 istc.
