2888 5144
578 317 680 364 arras
704 317 844 366 conrers.
1266 298 1304 360 19

118 503 225 557 nostro
255 488 363 557 codioc
394 486 469 552 libri
496 486 529 552 11
558 486 670 552 titulus
700 488 734 552 in
764 485 877 562 tabula.
900 509 1031 554 excusus
1057 489 1216 564 cernitur,
1242 484 1306 548 sire

117 610 231 679 eadem
254 631 403 677 mensura
426 630 490 697 qua
512 618 615 673 textus
636 620 801 687 exaratur,
822 621 858 674 ut
870 607 1037 674 Frontonis
1048 607 1165 674 codicis
1177 608 1306 673 afferam

117 732 298 822 exemplum
331 730 365 795 in
399 729 537 796 editione
569 729 656 795 Maii.
705 728 768 797 Sed
799 752 840 795 ne
870 729 950 796 haec
981 730 1109 819 quidem
1139 727 1307 795 methodus

118 865 265 920 constans
289 865 355 930 cst,
388 851 568 940 siquidem
591 851 693 930 Livii,
717 851 828 940 quiin
852 850 1046 918 bibliotheca
1070 849 1308 917 vindobonensi

117 973 176 1040 N⁰.
204 978 267 1052 16,
293 970 370 1039 Silr.
395 972 461 1038 tab.
491 975 575 1051 136,
600 984 792 1050 asservatur,
817 972 903 1037 tituli
921 971 1032 1037 iisdem
1051 971 1307 1039 semiuncialibns

116 1094 230 1161 litteris
255 1093 372 1182 quibus
393 1105 496 1159 tentus
520 1093 654 1182 scriptus
676 1093 772 1159 fuerit
795 1092 921 1158 saeculo
945 1105 1030 1158 serto
1053 1106 1198 1160 exeunte.

164 1215 215 1281 Ad
233 1215 431 1305 propositum
453 1235 528 1279 cum
552 1213 636 1280 Maio
661 1212 840 1292 redeamus,
864 1213 920 1301 qui
941 1236 1015 1303 pag.
1042 1232 1127 1282 11111
1148 1216 1307 1282 rarissime

116 1335 262 1403 observat
282 1336 498 1425 «scripturam
517 1356 683 1424 magnam,
703 1334 888 1425 pulchram,
907 1333 1095 1423 quadratam
1113 1347 1145 1401 et
1165 1336 1308 1402 Romana

118 1455 352 1548 quodammodo
382 1455 547 1520 maiestate
575 1453 751 1545 praeditam
781 1467 852 1545 post
879 1467 1001 1521 sertum
1024 1467 1079 1521 aut
1102 1468 1188 1522 certe
1211 1457 1308 1548 septi·

117 1600 208 1646 mum
233 1575 396 1643 saeculum
418 1575 467 1641 rix
487 1596 671 1666 comparere
692 1576 829 1666 exceptis
851 1576 950 1641 titulis
974 1588 1029 1642 aut
1051 1576 1160 1665 elogiis
1183 1599 1308 1643 necnon

118 1699 226 1788 aliquo
256 1698 351 1787 longe
381 1696 530 1763 rarissimi
559 1696 651 1761 luxus
681 1695 832 1777 codice;>›
859 1697 949 1762 cuius
980 1698 1026 1762 rei
1056 1697 1186 1763 studiosi
1209 1698 1307 1788 inspi-

118 1820 207 1886 ciant
234 1816 311 1885 silv.
344 1817 411 1882 tab.
445 1821 508 1896 39,
539 1816 796 1907 Ilvangcliarium
827 1817 979 1883 Ludorici
1010 1817 1309 1886 IFraneo-Galliae

118 1940 221 2028 regis,
255 1937 334 2005 bibl.
367 1938 437 2003 Par.
463 1939 543 2028 lleg.
571 1935 683 2028 Suppl.
715 1939 786 2004 Lat.
817 1937 873 2004 N0.
904 1942 993 2017 686,
1031 1951 1086 2004 aut
1114 1937 1308 2009 Successoris

119 2062 205 2129 illius
226 2058 333 2127 Caroli
353 2058 442 2126 Galri
467 2057 656 2126 Orationem
679 2059 815 2139 librum,
840 2059 918 2125 ibid.
945 2061 1001 2127 N0.
1026 2063 1134 2140 1152,
1159 2061 1224 2128 tab.
1252 2067 1306 2131 59.

121 2180 203 2249 Tum
238 2182 284 2246 sic
317 2181 441 2272 pergit,
476 2202 550 2270 pag.
587 2199 666 2246 axv:
701 2180 815 2246 «inter
842 2179 967 2247 codices
991 2202 1009 2243 a
1031 2203 1083 2248 me
1109 2182 1307 2264 observatos,

121 2303 294 2369 Vaticanus
318 2299 357 2367 de
377 2301 424 2366 lle
444 2300 575 2367 Publica
591 2300 786 2391 perfectione
803 2300 932 2390 quidem
952 2301 1130 2368 litterarum
1149 2305 1310 2370 nonnullis

121 2422 223 2498 aedit,
243 2421 463 2512 magnitudine
481 2434 590 2489 tamen
609 2434 641 2489 et
664 2420 830 2512 splendore
848 2444 946 2513 prope
966 2424 1112 2514 princeps
1133 2438 1191 2491 est.
1225 2426 1309 2516 Ergo

122 2543 270 2610 omnibus
309 2541 530 2621 consideratis,
566 2564 761 2632 quamquam
796 2565 844 2608 res
879 2555 1079 2608 controversa
1112 2558 1178 2623 est,
1213 2546 1310 2634 paulo

122 2665 246 2755 aegrius
272 2662 353 2728 mibi
383 2663 610 2752 persuaserim,
643 2675 708 2727 tam
739 2662 939 2753 splendidum
962 2675 1091 2753 tamque
1114 2664 1310 2732 luxuriosum

123 2787 265 2854 codicem
295 2796 365 2874 post
394 2784 531 2848 llomani
561 2784 686 2874 imperii
716 2783 873 2850 excidium
901 2784 1043 2851 barbaris
1065 2786 1099 2850 in
1123 2786 1214 2851 Italia
1238 2809 1309 2877 reg-

123 2907 272 2975 nantibus
298 2905 394 2971 fuisse
417 2905 570 2994 scriptum
592 2916 624 2971 et
648 2926 712 2968 non
735 2904 840 2994 potius
863 2906 1009 2972 extremis
1032 2905 1143 2971 saltem
1167 2904 1310 2973 Caesari-

122 3028 182 3095 bus
211 3050 280 3093 rem
311 3025 488 3091 Romanam
517 3023 622 3090 adhuc
650 3025 843 3095 tenentibus.
892 3026 979 3092 Haec
1003 3026 1052 3091 aio
1076 3027 1257 3093 coniectans
1279 3040 1311 3096 et

122 3152 190 3242 ipso
230 3168 319 3213 meae
358 3143 521 3211 doctrinae
550 3143 697 3211 diffidens
709 3169 743 3225 ,a
778 3158 848 3212 tum
881 3146 914 3211 in
949 3146 1210 3237 palaeographiac
1244 3161 1312 3214 stu-

122 3272 226 3339 diosos
249 3267 452 3346 declamitat,
476 3266 563 3332 hunc
587 3280 619 3333 et
642 3268 734 3334 ilhnn
757 3268 899 3336 codicem
911 3268 950 3333 ad
963 3282 1112 3357 quartum
1126 3270 1312 3356 quintumre
1428 3269 1430 3274 ’

123 3391 287 3461 saeculum
317 3388 476 3478 pertinere
506 3386 727 3477 perhibentes,
760 3413 834 3456 nam
865 3389 954 3455 nulla
985 3390 1023 3454 iis
1049 3402 1095 3455 est
1118 3412 1191 3468 arr,
1217 3412 1311 3480 argu-

123 3525 232 3581 menta
255 3510 289 3576 in
313 3532 409 3598 quam
422 3520 491 3574 tute
505 3506 739 3588 conscendant,
761 3509 837 3598 quid
857 3511 960 3588 enim,
982 3509 1105 3597 inquit,
1123 3510 1313 3598 plerumque

125 3633 248 3712 obstat,
269 3629 438 3721 quominus
457 3629 543 3695 tertii
562 3641 617 3695 aut
637 3627 768 3695 secundi
784 3630 901 3696 saeculi
918 3630 997 3696 haec
1016 3630 1131 3718 scripta
1143 3628 1311 3695 dicamus?

173 3753 216 3820 At
251 3753 409 3818 fluctuant
438 3751 518 3829 ista,
550 3763 586 3815 ut
614 3762 700 3816 recte
731 3751 778 3817 illi
805 3749 921 3817 obiecit
953 3746 1117 3828 Osannus,
1151 3750 1203 3814 cui
1233 3749 1314 3817 nihil

125 3875 266 3941 omuino'
292 3871 404 3937 dixisse
433 3870 574 3951 ridetur,
609 3894 650 3938 ne
682 3894 746 3937 uno
778 3871 906 3961 quidem
940 3871 1097 3961 probabili
1128 3886 1314 3961 argumento

127 3997 245 4074 allato,
268 3994 333 4059 imo
356 4004 444 4082 patet
467 4015 504 4059 er
524 3992 644 4058 ultimis
664 3992 784 4058 Maium
804 3993 979 4058 sententiae
998 4015 1072 4058 suae
1084 3990 1221 4057 diffisum
1235 4017 1312 4061 esse.

128 4113 247 4183 Contra
266 4113 355 4179 istius
377 4111 488 4179 iudicii
511 4111 663 4178 Silvestre
686 4134 759 4177 cum
784 4111 877 4177 dimd
902 4111 1123 4202 Champollion
1145 4114 1225 4178 Filio
1244 4117 1315 4183 talis

127 4236 244 4303 exstitit
274 4212 486 4324 subscriptor,
519 4245 556 4298 ut
587 4233 708 4298 Maium
730 4256 771 4298 ne
794 4232 952 4298 dubitasse
976 4232 1105 4321 quidem
1130 4235 1313 4316 affirmarit,

128 4358 208 4446 quin
238 4355 292 4421 hic
323 4355 421 4422 codex
448 4353 583 4443 scriptus
610 4353 705 4420 fuerit
728 4351 867 4419 secundo
890 4353 1021 4419 tertiove
1044 4356 1169 4422 saeculo
1192 4368 1316 4423 nostrae

128 4501 234 4558 aerae3
275 4490 307 4543 et
345 4478 390 4542 sic
425 4476 458 4541 in
496 4473 591 4540 verba
622 4473 671 4540 vel
702 4473 828 4564 probati
855 4473 997 4563 magistri
1031 4498 1131 4564 quum
1164 4476 1314 4558 iurasset,

130 4598 282 4665 ridiculus
312 4621 400 4665 error
430 4610 522 4664 natus
547 4609 613 4675 est,
638 4608 673 4660 ut
697 4595 858 4661 historiam
882 4594 1178 4684 palaeographieam
1202 4597 1257 4662 ubi
1280 4622 1318 4663 61

1104 4722 1120 4770 2
1132 4719 1145 4747 Ι
