<?xml version="1.0" encoding="UTF-8"?>
<!DOCTYPE html PUBLIC "-//W3C//DTD XHTML 1.0 Transitional//EN"
    "http://www.w3.org/TR/xhtml1/DTD/xhtml1-transitional.dtd">
<html xmlns="http://www.w3.org/1999/xhtml" xml:lang="en" lang="en">
 <head>
  <title>
</title>
<meta http-equiv="Content-Type" content="text/html;charset=utf-8" />
  <meta name='ocr-system' content='tesseract 3.04.00' />
  <meta name='ocr-capabilities' content='ocr_page ocr_carea ocr_par ocr_line ocrx_word'/>
</head>
<body>
  <div class='ocr_page' id='page_1' title='image "./schedaevaticana00rieugoog_0151.png"; bbox 0 0 2888 5144; ppageno 0'>
   <div class='ocr_carea' id='block_1_1' title="bbox 124 290 1104 369">
    <p class='ocr_par' dir='ltr' id='par_1_1' title="bbox 124 290 1104 369">
     <span class='ocr_line' id='line_1_1' title="bbox 124 290 1104 369; baseline 0.003 -12"><span class='ocrx_word' id='word_1_1' title='bbox 124 295 185 358; x_wconf 81' lang='grc'><strong>132</strong></span> <span class='ocrx_word' id='word_1_2' title='bbox 320 310 431 357; x_wconf 80' lang='lat' dir='ltr'><strong>ravan.</strong></span> <span class='ocrx_word' id='word_1_3' title='bbox 459 311 528 358; x_wconf 77' lang='lat' dir='ltr'><strong>sar.</strong></span> <span class='ocrx_word' id='word_1_4' title='bbox 556 290 641 369; x_wconf 82' lang='lat' dir='ltr'><strong>xlv.</strong></span> <span class='ocrx_word' id='word_1_5' title='bbox 667 295 857 358; x_wconf 83' lang='lat'><strong>323-331.</strong></span> <span class='ocrx_word' id='word_1_6' title='bbox 885 291 954 362; x_wconf 82' lang='lat' dir='ltr'><strong>XV.</strong></span> <span class='ocrx_word' id='word_1_7' title='bbox 983 296 1104 360; x_wconf 84' lang='lat'><strong>1-43.</strong></span> 
     </span>
    </p>
   </div>
   <div class='ocr_carea' id='block_1_2' title="bbox 121 478 913 548">
    <p class='ocr_par' dir='ltr' id='par_1_2' title="bbox 121 478 913 548">
     <span class='ocr_line' id='line_1_2' title="bbox 121 478 913 548; baseline 0.006 -6"><span class='ocrx_word' id='word_1_8' title='bbox 121 480 174 544; x_wconf 83' lang='lat' dir='ltr'><strong>Vs.</strong></span> <span class='ocrx_word' id='word_1_9' title='bbox 233 483 251 542; x_wconf 88' lang='lat'><strong>7</strong></span> <span class='ocrx_word' id='word_1_10' title='bbox 277 478 401 544; x_wconf 90' lang='lat' dir='ltr'><strong>aeluros</strong></span> <span class='ocrx_word' id='word_1_11' title='bbox 717 481 913 548; x_wconf 77' lang='lat' dir='ltr'><strong>crantLaos</strong></span> 
     </span>
    </p>
   </div>
   <div class='ocr_carea' id='block_1_3' title="bbox 233 604 846 759">
    <p class='ocr_par' dir='ltr' id='par_1_3' title="bbox 233 604 846 759">
     <span class='ocr_line' id='line_1_3' title="bbox 233 604 846 690; baseline 0.002 -25"><span class='ocrx_word' id='word_1_12' title='bbox 233 604 252 665; x_wconf 87' lang='lat'>9</span> <span class='ocrx_word' id='word_1_13' title='bbox 277 623 355 690; x_wconf 84' lang='lat' dir='ltr'><strong>cepe</strong></span> <span class='ocrx_word' id='word_1_14' title='bbox 718 620 846 669; x_wconf 77' lang='lat' dir='ltr'><strong>carrara</strong></span> 
     </span>
     <span class='ocr_line' id='line_1_4' title="bbox 718 729 731 759; baseline 0 0"><span class='ocrx_word' id='word_1_15' title='bbox 718 729 731 759; x_wconf 83' lang='lat' dir='ltr'>V</span> 
     </span>
    </p>
   </div>
   <div class='ocr_carea' id='block_1_4' title="bbox 212 775 935 1203">
    <p class='ocr_par' dir='ltr' id='par_1_4' title="bbox 213 775 935 983">
     <span class='ocr_line' id='line_1_5' title="bbox 213 775 756 840; baseline 0.006 -3"><span class='ocrx_word' id='word_1_16' title='bbox 213 775 253 837; x_wconf 87' lang='grc'><strong>16</strong></span> <span class='ocrx_word' id='word_1_17' title='bbox 278 785 313 837; x_wconf 90' lang='lat' dir='ltr'><strong>ut</strong></span> <span class='ocrx_word' id='word_1_18' title='bbox 716 794 756 840; x_wconf 80' lang='lat' dir='ltr'><strong>nr</strong></span> 
     </span>
     <span class='ocr_line' id='line_1_6' title="bbox 279 893 935 983; baseline 0.008 -26"><span class='ocrx_word' id='word_1_19' title='bbox 279 893 455 983; x_wconf 82' lang='lat' dir='ltr'><strong>aretalogus</strong></span> <span class='ocrx_word' id='word_1_20' title='bbox 716 896 935 962; x_wconf 77' lang='lat' dir='ltr'><strong>nnaroLoovs</strong></span> 
     </span>
    </p>

    <p class='ocr_par' dir='ltr' id='par_1_5' title="bbox 215 1013 757 1103">
     <span class='ocr_line' id='line_1_7' title="bbox 215 1013 757 1103; baseline 0.004 -23"><span class='ocrx_word' id='word_1_21' title='bbox 215 1018 255 1080; x_wconf 88' lang='grc'><strong>18</strong></span> <span class='ocrx_word' id='word_1_22' title='bbox 280 1013 383 1103; x_wconf 87' lang='lat' dir='ltr'><strong>adque</strong></span> <span class='ocrx_word' id='word_1_23' title='bbox 717 1036 757 1082; x_wconf 79' lang='lat' dir='ltr'><strong>aa</strong></span> 
     </span>
    </p>

    <p class='ocr_par' dir='ltr' id='par_1_6' title="bbox 212 1136 891 1203">
     <span class='ocr_line' id='line_1_8' title="bbox 212 1136 891 1203; baseline 0.004 -3"><span class='ocrx_word' id='word_1_24' title='bbox 212 1139 254 1200; x_wconf 81' lang='grc'><strong>24</strong></span> <span class='ocrx_word' id='word_1_25' title='bbox 279 1136 390 1200; x_wconf 85' lang='lat' dir='ltr'><strong>merito</strong></span> <span class='ocrx_word' id='word_1_26' title='bbox 719 1155 891 1203; x_wconf 82' lang='lat' dir='ltr'><strong>uruoarro</strong></span> 
     </span>
    </p>
   </div>
   <div class='ocr_carea' id='block_1_5' title="bbox 212 1278 1267 1438">
    <p class='ocr_par' dir='ltr' id='par_1_7' title="bbox 212 1278 1267 1438">
     <span class='ocr_line' id='line_1_9' title="bbox 212 1278 1267 1347; baseline 0.004 -4"><span class='ocrx_word' id='word_1_27' title='bbox 212 1282 254 1343; x_wconf 83' lang='grc'><strong>25</strong></span> <span class='ocrx_word' id='word_1_28' title='bbox 279 1290 433 1344; x_wconf 87' lang='lat' dir='ltr'><strong>temetum</strong></span> <span class='ocrx_word' id='word_1_29' title='bbox 456 1278 586 1345; x_wconf 83' lang='lat' dir='ltr'><strong>duxerat</strong></span> <span class='ocrx_word' id='word_1_30' title='bbox 721 1299 1082 1347; x_wconf 80' lang='lat' dir='ltr'><strong>rsurcvnnsurxamr</strong></span> <span class='ocrx_word' id='word_1_31' title='bbox 1168 1281 1200 1346; x_wconf 91' lang='lat' dir='ltr'><strong>d.</strong></span> <span class='ocrx_word' id='word_1_32' title='bbox 1226 1302 1267 1347; x_wconf 81' lang='lat' dir='ltr'><strong>vx</strong></span> 
     </span>
     <span class='ocr_line' id='line_1_10' title="bbox 772 1405 786 1438; baseline 0 0"><span class='ocrx_word' id='word_1_33' title='bbox 772 1405 786 1438; x_wconf 80' lang='lat' dir='ltr'><strong>&#39;l&#39;</strong></span> 
     </span>
    </p>
   </div>
   <div class='ocr_carea' id='block_1_6' title="bbox 206 1450 884 1782">
    <p class='ocr_par' dir='ltr' id='par_1_8' title="bbox 206 1450 884 1782">
     <span class='ocr_line' id='line_1_11' title="bbox 206 1450 825 1542; baseline -0.002 -25"><span class='ocrx_word' id='word_1_34' title='bbox 206 1456 249 1518; x_wconf 93' lang='grc'><strong>28</strong></span> <span class='ocrx_word' id='word_1_35' title='bbox 274 1450 368 1542; x_wconf 82' lang='lat' dir='ltr'><strong>Copti</strong></span> <span class='ocrx_word' id='word_1_36' title='bbox 720 1472 825 1520; x_wconf 77' lang='lat' dir='ltr'><strong>coria</strong></span> 
     </span>
     <span class='ocr_line' id='line_1_12' title="bbox 212 1573 884 1640; baseline -0.001 -1"><span class='ocrx_word' id='word_1_37' title='bbox 212 1577 256 1640; x_wconf 89' lang='grc'><strong>29</strong></span> <span class='ocrx_word' id='word_1_38' title='bbox 280 1573 443 1639; x_wconf 86' lang='lat' dir='ltr'><strong>cothurnis</strong></span> <span class='ocrx_word' id='word_1_39' title='bbox 722 1592 884 1640; x_wconf 83' lang='lat' dir='ltr'><strong>corvnms</strong></span> 
     </span>
     <span class='ocr_line' id='line_1_13' title="bbox 213 1694 864 1782; baseline 0 -23"><span class='ocrx_word' id='word_1_40' title='bbox 213 1697 256 1759; x_wconf 90' lang='lat'><strong>30</strong></span> <span class='ocrx_word' id='word_1_41' title='bbox 281 1694 378 1782; x_wconf 74' lang='lat' dir='ltr'><strong>Pyrra</strong></span> <span class='ocrx_word' id='word_1_42' title='bbox 720 1694 864 1761; x_wconf 82' lang='lat' dir='ltr'><strong>raYnna</strong></span> 
     </span>
    </p>
   </div>
   <div class='ocr_carea' id='block_1_7' title="bbox 214 1827 1316 2659">
    <p class='ocr_par' dir='ltr' id='par_1_9' title="bbox 282 1827 833 1933">
     <span class='ocr_line' id='line_1_14' title="bbox 282 1827 833 1933; baseline 0.004 -2"><span class='ocrx_word' id='word_1_43' title='bbox 282 1867 386 1932; x_wconf 85' lang='lat' dir='ltr'><strong>volvas</strong></span> <span class='ocrx_word' id='word_1_44' title='bbox 722 1827 833 1933; x_wconf 62' lang='lat' dir='ltr'><strong>voLis</strong></span> 
     </span>
    </p>

    <p class='ocr_par' dir='ltr' id='par_1_10' title="bbox 214 1986 949 2074">
     <span class='ocr_line' id='line_1_15' title="bbox 214 1986 949 2074; baseline 0.003 -22"><span class='ocrx_word' id='word_1_45' title='bbox 214 1991 256 2052; x_wconf 85' lang='lat'><strong>32</strong></span> <span class='ocrx_word' id='word_1_46' title='bbox 280 1986 463 2074; x_wconf 85' lang='lat' dir='ltr'><strong>produxerit</strong></span> <span class='ocrx_word' id='word_1_47' title='bbox 720 2007 949 2054; x_wconf 80' lang='lat' dir='ltr'><strong>rnonvcsrmr</strong></span> 
     </span>
    </p>

    <p class='ocr_par' dir='ltr' id='par_1_11' title="bbox 217 2107 921 2176">
     <span class='ocr_line' id='line_1_16' title="bbox 217 2107 921 2176; baseline 0.003 -4"><span class='ocrx_word' id='word_1_48' title='bbox 217 2110 259 2172; x_wconf 85' lang='lat'><strong>34</strong></span> <span class='ocrx_word' id='word_1_49' title='bbox 283 2107 449 2173; x_wconf 83' lang='lat' dir='ltr'>inmortale</span> <span class='ocrx_word' id='word_1_50' title='bbox 720 2110 921 2176; x_wconf 75' lang='lat' dir='ltr'><strong>trinonTnLn</strong></span> 
     </span>
    </p>

    <p class='ocr_par' dir='ltr' id='par_1_12' title="bbox 214 2227 1316 2437">
     <span class='ocr_line' id='line_1_17' title="bbox 214 2227 1316 2320; baseline 0.008 -27"><span class='ocrx_word' id='word_1_51' title='bbox 214 2233 256 2293; x_wconf 83' lang='lat'><strong>35</strong></span> <span class='ocrx_word' id='word_1_52' title='bbox 282 2227 401 2294; x_wconf 87' lang='lat' dir='ltr'><strong>Ombos</strong></span> <span class='ocrx_word' id='word_1_53' title='bbox 718 2248 825 2295; x_wconf 75' lang='lat' dir='ltr'><strong>onnes</strong></span> <span class='ocrx_word' id='word_1_54' title='bbox 917 2253 961 2293; x_wconf 83' lang='lat' dir='ltr'><strong>ex</strong></span> <span class='ocrx_word' id='word_1_55' title='bbox 976 2233 1103 2320; x_wconf 82' lang='lat' dir='ltr'><strong>priore</strong></span> <span class='ocrx_word' id='word_1_56' title='bbox 1127 2232 1268 2319; x_wconf 84' lang='lat' dir='ltr'><strong>efacta</strong></span> <span class='ocrx_word' id='word_1_57' title='bbox 1294 2259 1316 2303; x_wconf 81' lang='lat' dir='ltr'><strong>a</strong></span> 
     </span>
     <span class='ocr_line' id='line_1_18' title="bbox 283 2349 874 2437; baseline 0.003 -22"><span class='ocrx_word' id='word_1_58' title='bbox 283 2349 420 2437; x_wconf 77' lang='lat' dir='ltr'><strong>Tentyra</strong></span> <span class='ocrx_word' id='word_1_59' title='bbox 724 2369 874 2418; x_wconf 75' lang='lat' dir='ltr'><strong>rnnrvan</strong></span> 
     </span>
    </p>

    <p class='ocr_par' dir='ltr' id='par_1_13' title="bbox 217 2474 852 2538">
     <span class='ocr_line' id='line_1_19' title="bbox 217 2474 852 2538; baseline 0 -3"><span class='ocrx_word' id='word_1_60' title='bbox 217 2474 255 2535; x_wconf 79' lang='lat'><strong>41</strong></span> <span class='ocrx_word' id='word_1_61' title='bbox 283 2493 379 2536; x_wconf 92' lang='lat' dir='ltr'><strong>cenae</strong></span> <span class='ocrx_word' id='word_1_62' title='bbox 720 2489 852 2538; x_wconf 74' lang='lat' dir='ltr'><strong>casare</strong></span> 
     </span>
    </p>

    <p class='ocr_par' dir='ltr' id='par_1_14' title="bbox 216 2593 863 2659">
     <span class='ocr_line' id='line_1_20' title="bbox 216 2593 863 2659; baseline 0.003 -3"><span class='ocrx_word' id='word_1_63' title='bbox 216 2598 257 2658; x_wconf 81' lang='grc'><strong>43</strong></span> <span class='ocrx_word' id='word_1_64' title='bbox 281 2593 437 2659; x_wconf 87' lang='lat' dir='ltr'><strong>iacentem</strong></span> <span class='ocrx_word' id='word_1_65' title='bbox 723 2610 863 2659; x_wconf 78' lang='lat' dir='ltr'><strong>lncaarlt</strong></span> 
     </span>
    </p>
   </div>
   <div class='ocr_carea' id='block_1_8' title="bbox 124 2788 1317 4327">
    <p class='ocr_par' dir='ltr' id='par_1_15' title="bbox 124 2788 1317 4327">
     <span class='ocr_line' id='line_1_21' title="bbox 173 2788 1317 2869; baseline 0.003 -19"><span class='ocrx_word' id='word_1_66' title='bbox 173 2788 273 2855; x_wconf 85' lang='lat' dir='ltr'><strong>Versu</strong></span> <span class='ocrx_word' id='word_1_67' title='bbox 306 2792 348 2853; x_wconf 82' lang='grc'><strong>25</strong></span> <span class='ocrx_word' id='word_1_68' title='bbox 378 2788 502 2854; x_wconf 82' lang='lat' dir='ltr'><strong>litterae</strong></span> <span class='ocrx_word' id='word_1_69' title='bbox 523 2807 567 2853; x_wconf 79' lang='lat' dir='ltr'><strong>vx</strong></span> <span class='ocrx_word' id='word_1_70' title='bbox 589 2788 713 2853; x_wconf 89' lang='lat' dir='ltr'><strong>lineolis</strong></span> <span class='ocrx_word' id='word_1_71' title='bbox 736 2812 773 2855; x_wconf 83' lang='lat' dir='ltr'><strong>ex</strong></span> <span class='ocrx_word' id='word_1_72' title='bbox 796 2801 970 2854; x_wconf 81' lang='lat' dir='ltr'><strong>transverso</strong></span> <span class='ocrx_word' id='word_1_73' title='bbox 994 2802 1121 2855; x_wconf 85' lang='lat' dir='ltr'><strong>notatae</strong></span> <span class='ocrx_word' id='word_1_74' title='bbox 1144 2804 1236 2869; x_wconf 87' lang='lat' dir='ltr'><strong>sunt,</strong></span> <span class='ocrx_word' id='word_1_75' title='bbox 1259 2791 1317 2855; x_wconf 92' lang='lat' dir='ltr'><strong>iis-</strong></span> 
     </span>
     <span class='ocr_line' id='line_1_22' title="bbox 126 2907 1317 3000; baseline 0 -25"><span class='ocrx_word' id='word_1_76' title='bbox 126 2934 188 3000; x_wconf 90' lang='lat' dir='ltr'><strong>que</strong></span> <span class='ocrx_word' id='word_1_77' title='bbox 215 2922 371 2998; x_wconf 87' lang='lat' dir='ltr'><strong>punctum</strong></span> <span class='ocrx_word' id='word_1_78' title='bbox 396 2907 652 2997; x_wconf 87' lang='lat' dir='ltr'><strong>superadditum,</strong></span> <span class='ocrx_word' id='word_1_79' title='bbox 677 2921 708 2974; x_wconf 87' lang='lat' dir='ltr'><strong>et</strong></span> <span class='ocrx_word' id='word_1_80' title='bbox 736 2910 786 2975; x_wconf 83' lang='lat' dir='ltr'><strong>rel</strong></span> <span class='ocrx_word' id='word_1_81' title='bbox 809 2911 852 2974; x_wconf 91' lang='lat' dir='ltr'><strong>sic</strong></span> <span class='ocrx_word' id='word_1_82' title='bbox 875 2909 959 2974; x_wconf 88' lang='lat' dir='ltr'><strong>male</strong></span> <span class='ocrx_word' id='word_1_83' title='bbox 983 2912 1116 2976; x_wconf 85' lang='lat' dir='ltr'><strong>correxit</strong></span> <span class='ocrx_word' id='word_1_84' title='bbox 1140 2912 1215 2990; x_wconf 93' lang='lat' dir='ltr'><strong>iste,</strong></span> <span class='ocrx_word' id='word_1_85' title='bbox 1240 2934 1317 2976; x_wconf 90' lang='lat' dir='ltr'><strong>nam</strong></span> 
     </span>
     <span class='ocr_line' id='line_1_23' title="bbox 126 3028 1314 3121; baseline 0.001 -25"><span class='ocrx_word' id='word_1_86' title='bbox 126 3032 250 3096; x_wconf 82' lang='lat' dir='ltr'><strong>litterae</strong></span> <span class='ocrx_word' id='word_1_87' title='bbox 275 3031 317 3094; x_wconf 85' lang='lat' dir='ltr'><strong>de</strong></span> <span class='ocrx_word' id='word_1_88' title='bbox 341 3028 568 3118; x_wconf 82' lang='lat' dir='ltr'><strong>expungendae</strong></span> <span class='ocrx_word' id='word_1_89' title='bbox 592 3041 696 3110; x_wconf 89' lang='lat' dir='ltr'><strong>erant;</strong></span> <span class='ocrx_word' id='word_1_90' title='bbox 722 3030 834 3095; x_wconf 89' lang='lat' dir='ltr'><strong>melius</strong></span> <span class='ocrx_word' id='word_1_91' title='bbox 857 3030 1037 3097; x_wconf 83' lang='lat' dir='ltr'><strong>emendarit</strong></span> <span class='ocrx_word' id='word_1_92' title='bbox 1061 3031 1198 3121; x_wconf 91' lang='lat' dir='ltr'><strong>reliquos</strong></span> <span class='ocrx_word' id='word_1_93' title='bbox 1215 3031 1314 3097; x_wconf 88' lang='lat' dir='ltr'><strong>locos.</strong></span> 
     </span>
     <span class='ocr_line' id='line_1_24' title="bbox 126 3152 1316 3241; baseline 0.001 -25"><span class='ocrx_word' id='word_1_94' title='bbox 126 3152 285 3229; x_wconf 90' lang='lat' dir='ltr'><strong>Litterae,</strong></span> <span class='ocrx_word' id='word_1_95' title='bbox 312 3173 393 3239; x_wconf 87' lang='lat' dir='ltr'><strong>quae</strong></span> <span class='ocrx_word' id='word_1_96' title='bbox 416 3172 496 3216; x_wconf 84' lang='lat' dir='ltr'><strong>vers.</strong></span> <span class='ocrx_word' id='word_1_97' title='bbox 526 3153 585 3225; x_wconf 85' lang='lat'><strong>16,</strong></span> <span class='ocrx_word' id='word_1_98' title='bbox 612 3155 674 3229; x_wconf 85' lang='grc'><strong>28,</strong></span> <span class='ocrx_word' id='word_1_99' title='bbox 701 3155 743 3216; x_wconf 90' lang='grc'><strong>30</strong></span> <span class='ocrx_word' id='word_1_100' title='bbox 768 3153 996 3241; x_wconf 83' lang='lat' dir='ltr'><strong>suprascriptae</strong></span> <span class='ocrx_word' id='word_1_101' title='bbox 1019 3164 1113 3231; x_wconf 89' lang='lat' dir='ltr'><strong>sunt,</strong></span> <span class='ocrx_word' id='word_1_102' title='bbox 1136 3152 1239 3218; x_wconf 88' lang='lat' dir='ltr'><strong>eidem</strong></span> <span class='ocrx_word' id='word_1_103' title='bbox 1257 3153 1316 3218; x_wconf 87' lang='lat' dir='ltr'><strong>tri·</strong></span> 
     </span>
     <span class='ocr_line' id='line_1_25' title="bbox 124 3270 1315 3361; baseline 0.003 -25"><span class='ocrx_word' id='word_1_104' title='bbox 124 3273 281 3350; x_wconf 90' lang='lat' dir='ltr'><strong>buantur,</strong></span> <span class='ocrx_word' id='word_1_105' title='bbox 305 3271 356 3337; x_wconf 92' lang='lat' dir='ltr'><strong>cui</strong></span> <span class='ocrx_word' id='word_1_106' title='bbox 376 3270 527 3337; x_wconf 88' lang='lat' dir='ltr'><strong>debemus</strong></span> <span class='ocrx_word' id='word_1_107' title='bbox 548 3272 776 3337; x_wconf 87' lang='lat' dir='ltr'><strong>correctionem</strong></span> <span class='ocrx_word' id='word_1_108' title='bbox 799 3296 878 3338; x_wconf 83' lang='lat' dir='ltr'><strong>vers.</strong></span> <span class='ocrx_word' id='word_1_109' title='bbox 905 3278 968 3351; x_wconf 87' lang='lat'><strong>35,</strong></span> <span class='ocrx_word' id='word_1_110' title='bbox 994 3285 1025 3339; x_wconf 89' lang='lat' dir='ltr'><strong>et</strong></span> <span class='ocrx_word' id='word_1_111' title='bbox 1048 3273 1104 3361; x_wconf 92' lang='lat' dir='ltr'><strong>qui</strong></span> <span class='ocrx_word' id='word_1_112' title='bbox 1126 3271 1205 3337; x_wconf 90' lang='lat' dir='ltr'><strong>mihi</strong></span> <span class='ocrx_word' id='word_1_113' title='bbox 1228 3272 1315 3339; x_wconf 83' lang='lat' dir='ltr'><strong>ride·</strong></span> 
     </span>
     <span class='ocr_line' id='line_1_26' title="bbox 125 3391 1314 3482; baseline 0 -24"><span class='ocrx_word' id='word_1_114' title='bbox 125 3407 178 3459; x_wconf 90' lang='lat' dir='ltr'><strong>tur</strong></span> <span class='ocrx_word' id='word_1_115' title='bbox 213 3392 330 3458; x_wconf 87' lang='lat' dir='ltr'><strong>scholia</strong></span> <span class='ocrx_word' id='word_1_116' title='bbox 364 3391 570 3481; x_wconf 81' lang='lat' dir='ltr'><strong>adscripsisse.</strong></span> <span class='ocrx_word' id='word_1_117' title='bbox 619 3392 661 3458; x_wconf 83' lang='lat' dir='ltr'><strong>At</strong></span> <span class='ocrx_word' id='word_1_118' title='bbox 685 3415 822 3482; x_wconf 89' lang='lat' dir='ltr'><strong>quonam</strong></span> <span class='ocrx_word' id='word_1_119' title='bbox 845 3406 987 3482; x_wconf 91' lang='lat' dir='ltr'><strong>tempore</strong></span> <span class='ocrx_word' id='word_1_120' title='bbox 1008 3392 1090 3458; x_wconf 92' lang='lat' dir='ltr'><strong>illud</strong></span> <span class='ocrx_word' id='word_1_121' title='bbox 1112 3393 1233 3458; x_wconf 90' lang='lat' dir='ltr'><strong>factum</strong></span> <span class='ocrx_word' id='word_1_122' title='bbox 1256 3394 1314 3473; x_wconf 87' lang='lat' dir='ltr'><strong>sit,</strong></span> 
     </span>
     <span class='ocr_line' id='line_1_27' title="bbox 125 3513 1315 3602; baseline 0.001 -23"><span class='ocrx_word' id='word_1_123' title='bbox 125 3514 254 3579; x_wconf 90' lang='lat' dir='ltr'><strong>difficile</strong></span> <span class='ocrx_word' id='word_1_124' title='bbox 288 3513 375 3591; x_wconf 83' lang='lat' dir='ltr'><strong>dictu</strong></span> <span class='ocrx_word' id='word_1_125' title='bbox 410 3525 476 3591; x_wconf 90' lang='lat' dir='ltr'><strong>est,</strong></span> <span class='ocrx_word' id='word_1_126' title='bbox 513 3536 587 3577; x_wconf 91' lang='lat' dir='ltr'><strong>nam</strong></span> <span class='ocrx_word' id='word_1_127' title='bbox 623 3513 777 3602; x_wconf 87' lang='lat' dir='ltr'><strong>scriptura</strong></span> <span class='ocrx_word' id='word_1_128' title='bbox 812 3513 1003 3578; x_wconf 86' lang='lat' dir='ltr'><strong>scholiorum</strong></span> <span class='ocrx_word' id='word_1_129' title='bbox 1034 3514 1155 3578; x_wconf 79' lang='lat' dir='ltr'><strong>cursivo</strong></span> <span class='ocrx_word' id='word_1_130' title='bbox 1188 3526 1251 3592; x_wconf 89' lang='lat' dir='ltr'><strong>est,</strong></span> <span class='ocrx_word' id='word_1_131' title='bbox 1285 3527 1315 3579; x_wconf 89' lang='lat' dir='ltr'><strong>et</strong></span> 
     </span>
     <span class='ocr_line' id='line_1_28' title="bbox 125 3633 1314 3725; baseline 0.002 -26"><span class='ocrx_word' id='word_1_132' title='bbox 125 3635 221 3725; x_wconf 91' lang='lat' dir='ltr'><strong>paulo</strong></span> <span class='ocrx_word' id='word_1_133' title='bbox 253 3634 403 3722; x_wconf 91' lang='lat' dir='ltr'><strong>sequioris</strong></span> <span class='ocrx_word' id='word_1_134' title='bbox 438 3634 525 3712; x_wconf 81' lang='lat' dir='ltr'><strong>aevi,</strong></span> <span class='ocrx_word' id='word_1_135' title='bbox 550 3647 586 3698; x_wconf 89' lang='lat' dir='ltr'><strong>ut</strong></span> <span class='ocrx_word' id='word_1_136' title='bbox 610 3634 711 3699; x_wconf 90' lang='lat' dir='ltr'><strong>Maius</strong></span> <span class='ocrx_word' id='word_1_137' title='bbox 735 3647 819 3701; x_wconf 88' lang='lat' dir='ltr'><strong>recte</strong></span> <span class='ocrx_word' id='word_1_138' title='bbox 844 3635 1082 3714; x_wconf 83' lang='lat' dir='ltr'><strong>animadvertit,</strong></span> <span class='ocrx_word' id='word_1_139' title='bbox 1109 3633 1195 3724; x_wconf 91' lang='lat' dir='ltr'><strong>quod</strong></span> <span class='ocrx_word' id='word_1_140' title='bbox 1218 3658 1314 3701; x_wconf 87' lang='lat' dir='ltr'><strong>accu-</strong></span> 
     </span>
     <span class='ocr_line' id='line_1_29' title="bbox 125 3754 1315 3844; baseline 0 -24"><span class='ocrx_word' id='word_1_141' title='bbox 125 3758 222 3821; x_wconf 89' lang='lat' dir='ltr'><strong>ratius</strong></span> <span class='ocrx_word' id='word_1_142' title='bbox 253 3754 470 3820; x_wconf 90' lang='lat' dir='ltr'><strong>desmiendum</strong></span> <span class='ocrx_word' id='word_1_143' title='bbox 500 3755 699 3842; x_wconf 89' lang='lat' dir='ltr'><strong>peritioribus</strong></span> <span class='ocrx_word' id='word_1_144' title='bbox 730 3755 866 3821; x_wconf 88' lang='lat' dir='ltr'><strong>libenter</strong></span> <span class='ocrx_word' id='word_1_145' title='bbox 896 3756 1063 3844; x_wconf 90' lang='lat' dir='ltr'><strong>relinquo,</strong></span> <span class='ocrx_word' id='word_1_146' title='bbox 1096 3778 1171 3820; x_wconf 89' lang='lat' dir='ltr'><strong>nam</strong></span> <span class='ocrx_word' id='word_1_147' title='bbox 1201 3778 1315 3822; x_wconf 90' lang='lat' dir='ltr'><strong>occur·</strong></span> 
     </span>
     <span class='ocr_line' id='line_1_30' title="bbox 125 3875 1315 3964; baseline 0 -22"><span class='ocrx_word' id='word_1_148' title='bbox 125 3890 199 3942; x_wconf 90' lang='lat' dir='ltr'><strong>runt</strong></span> <span class='ocrx_word' id='word_1_149' title='bbox 230 3879 263 3942; x_wconf 91' lang='lat' dir='ltr'><strong>in</strong></span> <span class='ocrx_word' id='word_1_150' title='bbox 294 3877 355 3942; x_wconf 91' lang='lat' dir='ltr'><strong>hoc</strong></span> <span class='ocrx_word' id='word_1_151' title='bbox 386 3875 543 3941; x_wconf 87' lang='lat' dir='ltr'><strong>scribendi</strong></span> <span class='ocrx_word' id='word_1_152' title='bbox 574 3899 688 3964; x_wconf 80' lang='lat' dir='ltr'><strong>genere</strong></span> <span class='ocrx_word' id='word_1_153' title='bbox 718 3877 841 3942; x_wconf 88' lang='lat' dir='ltr'><strong>litterae</strong></span> <span class='ocrx_word' id='word_1_154' title='bbox 872 3877 1012 3943; x_wconf 83' lang='lat' dir='ltr'><strong>eursirae</strong></span> <span class='ocrx_word' id='word_1_155' title='bbox 1040 3878 1141 3942; x_wconf 86' lang='lat' dir='ltr'><strong>forma</strong></span> <span class='ocrx_word' id='word_1_156' title='bbox 1165 3877 1239 3941; x_wconf 81' lang='lat' dir='ltr'><strong>satis</strong></span> <span class='ocrx_word' id='word_1_157' title='bbox 1263 3898 1315 3942; x_wconf 89' lang='lat' dir='ltr'><strong>re·</strong></span> 
     </span>
     <span class='ocr_line' id='line_1_31' title="bbox 127 3995 1315 4087; baseline 0.001 -24"><span class='ocrx_word' id='word_1_158' title='bbox 127 4010 254 4076; x_wconf 89' lang='lat' dir='ltr'><strong>centes,</strong></span> <span class='ocrx_word' id='word_1_159' title='bbox 286 3997 394 4086; x_wconf 90' lang='lat' dir='ltr'><strong>quales</strong></span> <span class='ocrx_word' id='word_1_160' title='bbox 427 4008 518 4060; x_wconf 90' lang='lat' dir='ltr'><strong>sunt:</strong></span> <span class='ocrx_word' id='word_1_161' title='bbox 546 3995 584 4074; x_wconf 95' lang='lat' dir='ltr'><strong>b,</strong></span> <span class='ocrx_word' id='word_1_162' title='bbox 610 3995 649 4075; x_wconf 94' lang='lat' dir='ltr'><strong>d,</strong></span> <span class='ocrx_word' id='word_1_163' title='bbox 674 3997 716 4074; x_wconf 92' lang='lat' dir='ltr'><strong>h,</strong></span> <span class='ocrx_word' id='word_1_164' title='bbox 741 4020 781 4086; x_wconf 91' lang='lat' dir='ltr'><strong>p,</strong></span> <span class='ocrx_word' id='word_1_165' title='bbox 813 4020 853 4085; x_wconf 88' lang='lat' dir='ltr'><strong>q,</strong></span> <span class='ocrx_word' id='word_1_166' title='bbox 877 4023 914 4076; x_wconf 84' lang='grc' dir='ltr'><strong>τ,</strong></span> <span class='ocrx_word' id='word_1_167' title='bbox 940 3999 984 4061; x_wconf 92' lang='lat' dir='ltr'><strong>sic</strong></span> <span class='ocrx_word' id='word_1_168' title='bbox 1008 3997 1166 4087; x_wconf 89' lang='lat' dir='ltr'><strong>depictae,</strong></span> <span class='ocrx_word' id='word_1_169' title='bbox 1191 3997 1315 4064; x_wconf 88' lang='lat' dir='ltr'><strong>mediae</strong></span> 
     </span>
     <span class='ocr_line' id='line_1_32' title="bbox 127 4117 1314 4206; baseline 0.001 -23"><span class='ocrx_word' id='word_1_170' title='bbox 127 4141 199 4183; x_wconf 92' lang='lat' dir='ltr'><strong>cum</strong></span> <span class='ocrx_word' id='word_1_171' title='bbox 224 4118 324 4182; x_wconf 87' lang='lat' dir='ltr'><strong>forma</strong></span> <span class='ocrx_word' id='word_1_172' title='bbox 348 4117 451 4206; x_wconf 90' lang='lat' dir='ltr'><strong>prisca</strong></span> <span class='ocrx_word' id='word_1_173' title='bbox 481 4117 623 4181; x_wconf 87' lang='lat' dir='ltr'><strong>litterae:</strong></span> <span class='ocrx_word' id='word_1_174' title='bbox 656 4137 696 4195; x_wconf 80' lang='lat' dir='ltr'><strong>a,</strong></span> <span class='ocrx_word' id='word_1_175' title='bbox 721 4137 759 4195; x_wconf 79' lang='lat' dir='ltr'><strong>r,</strong></span> <span class='ocrx_word' id='word_1_176' title='bbox 784 4140 826 4203; x_wconf 74' lang='lat'><strong>9,</strong></span> <span class='ocrx_word' id='word_1_177' title='bbox 851 4130 882 4182; x_wconf 93' lang='lat' dir='ltr'><strong>et</strong></span> <span class='ocrx_word' id='word_1_178' title='bbox 906 4119 1144 4184; x_wconf 87' lang='lat' dir='ltr'><strong>semiunciales:</strong></span> <span class='ocrx_word' id='word_1_179' title='bbox 1176 4142 1193 4184; x_wconf 99' lang='lat' dir='ltr'><strong>e</strong></span> <span class='ocrx_word' id='word_1_180' title='bbox 1218 4131 1249 4184; x_wconf 89' lang='lat' dir='ltr'><strong>et</strong></span> <span class='ocrx_word' id='word_1_181' title='bbox 1273 4138 1314 4196; x_wconf 80' lang='grc' dir='ltr'><strong>ι,</strong></span> 
     </span>
     <span class='ocr_line' id='line_1_33' title="bbox 126 4236 1313 4327; baseline 0.002 -24"><span class='ocrx_word' id='word_1_182' title='bbox 126 4238 281 4327; x_wconf 79' lang='lat' dir='ltr'><strong>longiores</strong></span> <span class='ocrx_word' id='word_1_183' title='bbox 314 4259 355 4317; x_wconf 79' lang='lat' dir='ltr'><strong>o,</strong></span> <span class='ocrx_word' id='word_1_184' title='bbox 389 4258 428 4317; x_wconf 83' lang='lat' dir='ltr'><strong>rt,</strong></span> <span class='ocrx_word' id='word_1_185' title='bbox 460 4236 600 4302; x_wconf 88' lang='lat' dir='ltr'><strong>nsimul</strong></span> <span class='ocrx_word' id='word_1_186' title='bbox 623 4259 694 4301; x_wconf 92' lang='lat' dir='ltr'><strong>cum</strong></span> <span class='ocrx_word' id='word_1_187' title='bbox 719 4239 859 4317; x_wconf 80' lang='lat' dir='ltr'><strong>novitia,</strong></span> <span class='ocrx_word' id='word_1_188' title='bbox 885 4239 937 4304; x_wconf 90' lang='lat' dir='ltr'><strong>cui</strong></span> <span class='ocrx_word' id='word_1_189' title='bbox 961 4238 1040 4304; x_wconf 89' lang='lat' dir='ltr'><strong>alter</strong></span> <span class='ocrx_word' id='word_1_190' title='bbox 1063 4238 1176 4304; x_wconf 90' lang='lat' dir='ltr'><strong>ductus</strong></span> <span class='ocrx_word' id='word_1_191' title='bbox 1201 4239 1313 4305; x_wconf 90' lang='lat' dir='ltr'><strong>decur-</strong></span> 
     </span>
    </p>
   </div>
   <div class='ocr_carea' id='block_1_9' title="bbox 126 4357 1315 4463">
    <p class='ocr_par' dir='ltr' id='par_1_16' title="bbox 126 4357 1315 4463">
     <span class='ocr_line' id='line_1_34' title="bbox 126 4357 1315 4463; baseline 0.001 -40"><span class='ocrx_word' id='word_1_192' title='bbox 126 4371 209 4423; x_wconf 90' lang='lat' dir='ltr'><strong>tatus</strong></span> <span class='ocrx_word' id='word_1_193' title='bbox 233 4359 277 4424; x_wconf 86' lang='lat' dir='ltr'><strong>ita</strong></span> <span class='ocrx_word' id='word_1_194' title='bbox 301 4357 467 4437; x_wconf 87' lang='lat' dir='ltr'><strong>adhaeret,</strong></span> <span class='ocrx_word' id='word_1_195' title='bbox 501 4370 537 4422; x_wconf 91' lang='lat' dir='ltr'><strong>ut</strong></span> <span class='ocrx_word' id='word_1_196' title='bbox 559 4359 679 4463; x_wconf 67' lang='lat' dir='ltr'><strong>femiae</strong></span> <span class='ocrx_word' id='word_1_197' title='bbox 708 4359 830 4424; x_wconf 91' lang='lat' dir='ltr'><strong>litterae</strong></span> <span class='ocrx_word' id='word_1_198' title='bbox 860 4360 876 4426; x_wconf 92' lang='lat' dir='ltr'><strong>l</strong></span> <span class='ocrx_word' id='word_1_199' title='bbox 904 4360 1032 4448; x_wconf 88' lang='lat' dir='ltr'><strong>propius</strong></span> <span class='ocrx_word' id='word_1_200' title='bbox 1056 4359 1200 4435; x_wconf 89' lang='lat' dir='ltr'><strong>accedat,</strong></span> <span class='ocrx_word' id='word_1_201' title='bbox 1235 4383 1315 4449; x_wconf 86' lang='lat' dir='ltr'><strong>quae</strong></span> 
     </span>
    </p>
   </div>
   <div class='ocr_carea' id='block_1_10' title="bbox 126 4479 1315 4690">
    <p class='ocr_par' dir='ltr' id='par_1_17' title="bbox 126 4479 1315 4690">
     <span class='ocr_line' id='line_1_35' title="bbox 126 4479 1315 4570; baseline -0.001 -26"><span class='ocrx_word' id='word_1_202' title='bbox 126 4482 202 4545; x_wconf 89' lang='lat' dir='ltr'><strong>item</strong></span> <span class='ocrx_word' id='word_1_203' title='bbox 231 4480 274 4544; x_wconf 91' lang='lat' dir='ltr'><strong>sie</strong></span> <span class='ocrx_word' id='word_1_204' title='bbox 298 4479 414 4568; x_wconf 89' lang='lat' dir='ltr'><strong>scripta</strong></span> <span class='ocrx_word' id='word_1_205' title='bbox 438 4491 581 4568; x_wconf 91' lang='lat' dir='ltr'><strong>apparet;</strong></span> <span class='ocrx_word' id='word_1_206' title='bbox 608 4491 712 4544; x_wconf 86' lang='lat' dir='ltr'><strong>cetera</strong></span> <span class='ocrx_word' id='word_1_207' title='bbox 736 4480 806 4546; x_wconf 84' lang='lat' dir='ltr'><strong>ride</strong></span> <span class='ocrx_word' id='word_1_208' title='bbox 823 4480 856 4544; x_wconf 89' lang='lat' dir='ltr'><strong>in</strong></span> <span class='ocrx_word' id='word_1_209' title='bbox 877 4480 1047 4570; x_wconf 86' lang='lat' dir='ltr'><strong>specimine</strong></span> <span class='ocrx_word' id='word_1_210' title='bbox 1068 4480 1154 4546; x_wconf 88' lang='lat' dir='ltr'><strong>Maii.</strong></span> <span class='ocrx_word' id='word_1_211' title='bbox 1194 4479 1315 4570; x_wconf 85' lang='lat' dir='ltr'><strong>Operae</strong></span> 
     </span>
     <span class='ocr_line' id='line_1_36' title="bbox 127 4598 1312 4690; baseline 0.001 -24"><span class='ocrx_word' id='word_1_212' title='bbox 127 4602 263 4689; x_wconf 89' lang='lat' dir='ltr'><strong>pretium</strong></span> <span class='ocrx_word' id='word_1_213' title='bbox 292 4613 371 4666; x_wconf 87' lang='lat' dir='ltr'><strong>esset</strong></span> <span class='ocrx_word' id='word_1_214' title='bbox 404 4613 509 4666; x_wconf 91' lang='lat' dir='ltr'><strong>autem</strong></span> <span class='ocrx_word' id='word_1_215' title='bbox 538 4601 713 4666; x_wconf 89' lang='lat' dir='ltr'><strong>accuratius</strong></span> <span class='ocrx_word' id='word_1_216' title='bbox 738 4624 926 4690; x_wconf 75' lang='lat' dir='ltr'><strong>cognoscere</strong></span> <span class='ocrx_word' id='word_1_217' title='bbox 951 4598 1141 4668; x_wconf 87' lang='lat' dir='ltr'><strong>scholiorum</strong></span> <span class='ocrx_word' id='word_1_218' title='bbox 1164 4624 1312 4679; x_wconf 92' lang='lat' dir='ltr'><strong>manum,</strong></span> 
     </span>
    </p>
   </div>
   <div class='ocr_carea' id='block_1_11' title="bbox 0 0 1453 5144">
    <p class='ocr_par' dir='ltr' id='par_1_18' title="bbox 0 0 1453 5144">
     <span class='ocr_line' id='line_1_37' title="bbox 0 0 1453 5144; baseline 0 0"><span class='ocrx_word' id='word_1_219' title='bbox 0 0 1453 5144; x_wconf 95' lang='lat' dir='ltr'><strong> </strong></span> 
     </span>
    </p>
   </div>
  </div>
 </body>
</html>
