2888 5144
499 1192 717 1310 ruerus
753 1159 956 1310 ranis

354 1459 538 1534 vanum]
566 1459 739 1534 MAXIMI
764 1463 1087 1537 ABBREVIATOR.

615 1755 829 1809 -ΘΕΘΞΘ-

172 2021 296 2088 Publici
330 2022 406 2086 iuris
440 2022 515 2087 fecit
551 2019 691 2110 Angelus
727 2018 827 2087 Maius
861 2022 907 2109 (in
941 2023 1138 2114 Scriptorum
1164 2023 1313 2088 Veterum

125 2142 215 2210 Nora
240 2140 373 2208 Collect.
399 2165 416 2207 e
440 2141 543 2207 Vatic.
571 2138 680 2206 Godic.
712 2139 832 2206 Romae
859 2145 965 2223 1827,
990 2145 1023 2210 in
1049 2147 1118 2224 4⁰„
1143 2156 1221 2208 tom.
1247 2142 1312 2221 111,

124 2287 196 2353 pars
229 2269 269 2343 3,
299 2287 371 2352 pag.
411 2260 578 2349 1-115),
612 2261 773 2352 Epitomas
801 2261 878 2328 duas
900 2266 1001 2355 operis
1026 2265 1145 2331 Valerii
1168 2265 1313 2342 Maximi,

127 2407 261 2473 quarum
302 2407 365 2449 una
402 2408 419 2448 a
458 2383 539 2450 Iulio
581 2382 692 2449 Paride
726 2396 773 2448 est
808 2385 1002 2475 conscripta,
1039 2384 1116 2450 dum
1151 2387 1314 2452 Ianuarius

126 2505 321 2594 Nepotianus
346 2505 473 2570 alterius
496 2505 556 2569 fuit
576 2516 696 2570 auctor.
735 2503 883 2570 Dubitari
903 2516 1024 2569 essetne
1044 2527 1158 2594 operae
1177 2507 1313 2595 pretium

125 2627 159 2691 in
183 2648 313 2691 examen
337 2648 448 2691 vocare
471 2625 567 2690 libros
580 2626 766 2704 Vaticanos,
791 2624 944 2714 equibus
965 2625 1066 2690 Maius
1086 2628 1239 2714 protraxit
1259 2624 1313 2692 hos

126 2745 203 2811 duos
234 2738 484 2826 abbreviaturas,
518 2746 669 2836 quoniam
698 2736 821 2811 Valerii>
840 2746 968 2811 Maximi
992 2747 1065 2811 libri
1090 2747 1179 2812 nobis
1204 2748 1315 2814 serrati

127 2879 209 2932 sunt.
259 2866 300 2931 At
331 2867 438 2932 deficit
471 2891 558 2933 nunc
590 2868 708 2932 Valerii
739 2884 817 2955 opus
843 2865 915 2931 Lib.
942 2867 975 2946 Ι,
1002 2865 1080 2958 Gap.
1109 2871 1147 2947 1,
1175 2871 1192 2953 §
1220 2872 1261 2934 18
1285 2881 1314 2934 et

127 3000 188 3052 ext.
225 2990 242 3071 ᾗ
273 2991 381 3064 5-8,
416 2983 493 3075 Gap.
531 2991 639 3064 2-4‚
673 2986 787 3075 quibus
816 2986 893 3051 locis
917 3000 1005 3076 grato
1030 2989 1135 3053 animo
1159 2990 1314 3079 supplerit

126 3107 312 3172 norissimus
345 3106 463 3171 Valerii
492 3106 594 3172 editor
627 3105 664 3172 (Ι.
697 3107 861 3196 Kcmpfius
879 3106 1012 3195 (Berol.
1042 3110 1142 3197 1854)
1168 3122 1312 3200 excerpta

128 3251 146 3292 a
177 3227 260 3293 Maio
285 3226 434 3292 exhibita.
485 3227 616 3293 Accedit
639 3227 724 3317 quod
747 3229 861 3318 passim
885 3228 918 3292 iu
942 3228 1096 3294 iudicium
1119 3244 1252 3296 vocatur
1275 3230 1312 3294 ab

128 3346 239 3414 eodem
265 3346 321 3410 iilo
353 3346 471 3413 editore
504 3347 623 3413 Paridis
653 3349 799 3438 Epitoma
828 3349 976 3415 caudice
1001 3351 1218 3439 antiquissimo
1242 3367 1312 3442 pro·

127 3469 213 3549 lato,
243 3466 319 3532 dum
349 3468 467 3533 Valerii
498 3468 621 3534 codices
651 3482 775 3559 praeter
804 3470 996 3541 Bemensem
1020 3470 1104 3536 haud
1128 3472 1171 3536 ita
1196 3485 1313 3538 veteres

129 3603 212 3656 suut.
262 3589 329 3656 Nec
359 3589 449 3654 licuit
476 3589 639 3679 Kempfio,
671 3589 749 3654 dum
777 3590 896 3655 Romae
919 3592 1120 3670 versabatur,
1147 3616 1209 3681 quo
1234 3606 1313 3659 tem-

129 3735 205 3803 pore
239 3710 340 3775 Maius
372 3709 476 3775 adhuc
498 3711 581 3775 inter
604 3712 688 3776 rivos
712 3724 779 3776 erat
792 3761 801 3790 ,
826 3710 911 3777 adire
935 3735 987 3777 eos
1012 3712 1154 3792 codices,
1181 3716 1236 3803 qui
1260 3714 1314 3779 bos

130 3843 292 3900 servarunt
321 3832 562 3920 Epitomatorcs.
611 3831 667 3896 His
697 3832 805 3921 itaque
835 3832 1008 3898 rationibus
1039 3847 1143 3899 motus
1167 3835 1200 3899 in
1222 3834 1315 3900 bibli-

130 3953 242 4019 otheca
286 3953 438 4018 Vaticana
474 3951 680 4041 circumspexi
715 3952 853 4032 librum,
891 3977 907 4018 e
947 3977 1010 4043 quo
1049 3955 1150 4019 Maius
1192 3966 1315 4021 eruerat

130 4074 289 4154 Paridem3
312 4073 450 4138 innotuit
471 4096 585 4161 nempe
598 4075 664 4138 eius
677 4096 827 4139 numerus
846 4096 922 4138 cura
937 4073 975 4141 0.
992 4075 1092 4154 Iahn,
1113 4076 1167 4164 qui
1180 4074 1315 4141 eundem

131 4193 275 4261 evolvens
299 4193 439 4260 codicem
462 4194 495 4259 in
520 4217 612 4258 usum
634 4191 813 4273 Censorini,
841 4195 975 4260 Praefat.
1001 4219 1073 4285 pag.
1099 4215 1201 4275 xxm,
1225 4196 1314 4261 nobis

132 4327 243 4381 auctor
273 4314 430 4379 exstiterat
461 4315 580 4379 Paridis
612 4315 792 4404 Epitomam
821 4328 940 4382 exstare
963 4317 996 4381 in
1022 4314 1138 4382 Codice
1162 4317 1316 4382 Vaticano

132 4439 203 4504 Lat.
237 4434 294 4500 N0.
329 4436 427 4498 4229.
478 4435 519 4498 At
548 4458 619 4500 mox
640 4437 805 4527 apparuit,
831 4438 931 4502 virum
956 4437 1172 4503 doctissimum
1196 4438 1316 4527 lapsum

132 4583 196 4625 esse
228 4569 296 4621 tum
327 4554 360 4617 in
391 4576 522 4618 numero
553 4555 711 4621 laudando
743 4570 811 4622 tum
841 4559 872 4622 iu
904 4557 984 4623 libro
1019 4558 1245 4636 describendo,
1273 4570 1315 4624 est
