2888 5144
128 295 191 356 210
510 311 689 359 ruuuanros
712 309 926 358 rrrorrruus.

125 480 265 570 legamus
301 502 373 545 curn
409 478 537 545 codice:
572 501 678 544 «curn
712 482 806 547 armis
840 507 872 549 se
906 484 940 549 in
976 482 1114 548 Tiberim
1145 480 1253 562 dedit,
1279 506 1317 548 ac

125 603 243 690 pariter
282 601 420 668 hostium
456 601 556 690 victor
598 615 629 667 et
671 603 827 683 fluminis,
867 607 1067 694 superiecta
1103 603 1317 670 Etruscorum

128 724 199 787 tela
222 727 389 788 vitavit.»

172 948 229 1028 llis
259 963 366 1049 itaque
388 962 516 1049 triginta
538 961 616 1027 locia
638 962 756 1051 profuit
779 963 874 1029 codex
898 965 1014 1029 iterum
1037 965 1259 1043 examinatus,
1283 966 1317 1030 in

128 1083 238 1148 ceteris
271 1105 341 1147 vero
370 1080 456 1146 haud
481 1083 543 1147 scio
567 1105 607 1146 an
630 1083 730 1148 multa
754 1082 938 1171 corrigenda
962 1082 1131 1172 praebeat,
1156 1086 1203 1150 sic
1229 1085 1316 1151 enim

128 1225 159 1267 se
188 1201 283 1268 habet
313 1200 463 1280 Collatio,
497 1214 531 1267 ut
555 1226 717 1272 errorum.
742 1215 777 1268 ut
796 1204 840 1268 ita
863 1203 984 1282 dicam,
1009 1204 1114 1293 potius
1137 1205 1177 1270 sit
1202 1228 1315 1295 recep·

128 1323 284 1402 taculum;
317 1336 457 1389 attamen
488 1325 577 1390 nolui
607 1348 677 1390 eam
711 1324 790 1390 mihi
824 1325 980 1404 retinere,
1012 1325 1083 1403 sed,
1117 1337 1153 1390 ut
1184 1325 1314 1392 chartae

130 1445 355 1534 aliquantisper
373 1459 573 1534 parceretur,
594 1428 757 1535 pauciores
780 1459 904 1511 tantum
928 1446 981 1512 hio
1004 1446 1137 1511 exhibeo
1161 1446 1313 1512 lectiones

129 1568 248 1632 omissis
280 1567 455 1645 erroribus,
490 1568 544 1656 qui
567 1591 603 1632 ex
626 1568 746 1632 librarii
769 1567 944 1656 ignorantia
968 1568 1035 1631 nati
1058 1591 1122 1632 esse
1146 1566 1310 1644 ridentur,

130 1689 363 1779 orthographici
389 1690 572 1778 praesertim
596 1702 627 1754 et
649 1691 682 1754 in
702 1689 882 1754 nominibus
906 1689 1039 1777 propriis
1062 1689 1307 1777 frequentiores,

130 1811 238 1900 quales
269 1824 360 1876 sunt:
396 1834 433 1889 e,
458 1834 500 1875 oe
523 1823 554 1876 et
578 1833 615 1874 oc
637 1811 829 1898 permixtae,
852 1813 866 1874 i
888 1822 920 1874 et
942 1833 984 1895 y,
1010 1832 1047 1887 c,
1070 1833 1095 1898 g
1117 1821 1149 1874 et
1172 1833 1209 1888 c,
1236 1808 1262 1872 d
1280 1819 1307 1874 et

131 1944 165 2013 t,
201 1959 219 2000 c
253 1946 284 1999 et
316 1941 350 2010 t,
384 1935 399 1995 i
428 1944 459 1997 et
489 1934 522 2010 l,
547 1931 579 2018 f
602 1943 635 1996 ct
647 1934 718 2021 ph,
744 1933 765 1994 Ιι
789 1932 920 2008 omissa,
945 1930 1068 1996 litterae
1091 1929 1232 2018 duplices
1254 1949 1305 2018 pro

132 2053 273 2145 simplice
297 2064 352 2117 aut
376 2064 501 2131 contra,
526 2063 630 2117 cetera
653 2074 734 2139 quae
758 2063 831 2116 sunt
854 2050 948 2116 huius
971 2050 1104 2138 generis.
