2888 5144
124 322 143 383 6
501 337 619 384 cronno
644 337 686 383 ur
711 333 753 380 nu
777 332 929 381 roraret.

171 506 293 571 Transit
314 507 414 571 Maius
438 531 511 596 pag.
528 526 606 573 xttv
632 505 669 570 ad
691 504 861 595 Augustini
884 524 982 591 opus,
1012 501 1051 567 de
1076 525 1138 590 quo
1164 525 1238 568 vere
1262 524 1309 568 re-

124 627 231 692 tulisse
250 626 330 691 mihi
349 627 491 706 videtur,
513 627 572 691 nisi
592 625 676 716 quod
699 602 875 691 accuratius
901 621 1004 687 adhue
1024 622 1204 689 definienda
1216 624 1310 689 fuerit

125 748 298 836 scriptura,
324 747 363 813 de
388 771 449 836 qua
473 770 537 813 non
561 747 614 811 abs
639 770 672 812 re
695 748 755 812 erit
777 768 889 810 meam
904 745 1160 833 qualemcunque
1184 756 1310 811 senten-

124 868 201 932 tiam
223 863 384 956 proferre,
410 868 435 933 si
455 866 582 956 quidem
606 867 753 933 nonnihil
776 867 871 932 faciat
895 864 934 929 ad
950 865 1113 930 historiam
1126 865 1310 930 litterariam
1340 887 1346 899 ·

125 1001 156 1054 et
180 988 219 1053 ad
239 1000 424 1079 argumenta
446 988 622 1077 pertineat,
649 987 764 1076 quibus
789 986 842 1051 alii
865 986 1008 1074 rescripti
1035 983 1157 1052 codices
1181 1009 1213 1052 se
1236 1008 1310 1075 pro-

124 1109 213 1174 dant.
251 1110 298 1175 Eo
318 1109 477 1185 lubentius
494 1108 582 1176 hunc
600 1109 707 1176 locum
725 1109 862 1198 attingo,
888 1106 972 1196 quod
992 1107 1094 1173 Maius
1114 1107 1146 1171 iu
1164 1106 1313 1196 politicae

125 1232 297 1320 scripturae
340 1231 510 1320 specimine
552 1228 720 1321 Augustini
755 1251 883 1319 quoque
915 1227 1086 1293 frustulum
1121 1230 1309 1307 excusserit,

127 1374 209 1440 quo,
232 1352 356 1440 inquit,
388 1365 579 1444 cognoscant
609 1350 725 1417 eruditi
750 1363 824 1416 ante
855 1350 1017 1416 saeculum
1040 1347 1200 1415 decimum
1219 1348 1311 1414 Com·

124 1473 315 1538 mentarium
337 1473 417 1538 illud
440 1496 505 1540 esse
528 1484 701 1538 exaratum.
739 1472 807 1537 lmo
831 1469 956 1538 saeculo
976 1491 1060 1533 nono
1080 1468 1227 1550 ineunte,
1252 1471 1314 1536 nisi

126 1595 276 1659 vetustior
305 1594 384 1673 fuit,
406 1617 480 1658 nam
502 1594 640 1683 pertinet
663 1591 701 1658 ad
725 1604 868 1682 tempus,
903 1613 967 1679 quo
987 1591 1135 1656 transitus
1154 1591 1252 1657 fiebat
1275 1613 1311 1657 ex

127 1715 280 1804 scriptura
303 1713 523 1791 semiunciali,
546 1735 641 1802 quam
665 1725 798 1791 vocant,
831 1711 921 1778 vide:
949 1731 985 1785 Β,
1011 1731 1053 1790 a,
1079 1732 1125 1788 o,
1143 1731 1164 1778 rt
1184 1711 1223 1776 ad
1251 1712 1312 1778 mi·

125 1834 330 1899 nuseularum
352 1835 509 1913 formam,
535 1856 597 1922 qua
621 1845 705 1898 sun-t:
732 1857 771 1911 a,
792 1856 829 1912 e,
856 1839 895 1910 ὸ,
920 1830 962 1911 h,
987 1856 1029 1922 p,
1056 1855 1096 1921 q,
1121 1831 1197 1897 dum
1211 1830 1312 1898 medi·

128 1978 183 2021 um
209 1956 292 2020 inter
316 1966 487 2042 utrumque
511 1976 609 2044 genus
639 1954 744 2019 locum
769 1953 827 2018 sibi
851 1952 1014 2041 postulant
1035 1976 1079 2042 g,
1097 1952 1141 2040 s,
1168 1955 1199 2030 l,
1231 1974 1314 2042 quae

128 2075 252 2140 saeculo
283 2097 367 2140 nono
391 2087 539 2164 vergente
563 2097 626 2164 qua
648 2075 749 2140 forma
772 2074 906 2162 scriptae
933 2073 1072 2153 fuerint,
1105 2072 1177 2138 satis
1200 2085 1312 2138 uotum

128 2208 185 2263 est.
223 2194 368 2284 Denique
392 2194 586 2285 Augustinus
605 2195 720 2261 Codice
742 2194 896 2260 Vaticano
917 2193 972 2260 N⁰.
993 2197 1080 2260 3836
1094 2191 1189 2284 paulo
1202 2215 1313 2260 recen·

127 2319 189 2383 tior
209 2339 277 2383 esse
299 2315 440 2394 videtur,
472 2317 562 2381 cuius
586 2315 768 2406 Scripturas
792 2315 907 2382 Sacrae
938 2314 1008 2381 ride
1040 2315 1200 2405 specimen
1228 2314 1313 2406 apud

128 2437 308 2506 Silvestrem
328 2437 394 2503 tab.
410 2441 495 2515 235,
521 2437 577 2526 qui
597 2450 708 2502 octavo
724 2438 850 2503 saeculo
868 2449 952 2503 recte
968 2436 1059 2502 illum
1078 2435 1208 2517 tribuit3
1236 2458 1314 2502 cou-

127 2561 246 2650 spirant
273 2571 379 2624 autem
410 2557 529 2624 multae
560 2558 683 2624 litterae
706 2559 740 2624 iu
768 2557 856 2624 hune
879 2559 1009 2625 modum
1034 2581 1107 2624 cum
1140 2557 1312 2646 scriptura,

127 2705 208 2771 quae
224 2681 393 2770 septimum
409 2691 593 2746 octavumre
606 2679 665 2745 sibi
681 2679 839 2759 vindieat,
857 2693 966 2746 eontra
978 2703 1098 2745 nonum
1114 2677 1314 2745 decimumve

126 2802 228 2868 multo
250 2801 357 2890 plures
378 2798 476 2864 habet
505 2799 699 2864 minusculas
724 2800 863 2888 aliasque
886 2800 987 2865 forma
1015 2801 1058 2864 ita
1089 2799 1244 2878 diversas,
1277 2811 1314 2865 ut

128 2921 342 3012 Augustinum
365 2920 426 2984 nisi
458 2919 599 3008 posueris
630 2919 664 2984 in
700 2919 882 2985 Tullianum
904 2919 1011 2984 locum
1035 2921 1098 2984 iam
1122 2919 1315 2986 subintrasse

101 3041 252 3129 ¹saeculo
283 3051 413 3119 octavo,
446 3039 635 3105 bobiensem
666 3038 725 3105 tibi
756 3062 861 3105 sinnas
890 3037 1083 3104 monachum
1114 3061 1241 3104 neeesse
1265 3049 1313 3105 est

126 3161 251 3229 saeculo
282 3183 367 3226 nono
390 3162 520 3228 ineunte
544 3171 646 3228 aetate
664 3160 896 3250 provectiorem
921 3182 1017 3248 quam
1040 3159 1136 3226 ceteri
1159 3159 1211 3224 isti
1235 3181 1316 3248 quos

126 3297 204 3350 tunc
228 3294 283 3347 aut
304 3281 413 3371 paullo
440 3295 511 3372 post
533 3280 662 3348 Codices
686 3303 758 3346 suos
781 3280 973 3370 rescripsisse
995 3281 1088 3346 facile
1112 3278 1314 3347 crediderim.

126 3404 312 3470 Conferatur
331 3415 437 3469 autem
460 3403 579 3469 saeculi
595 3403 697 3468 octavi
717 3403 885 3493 Gregorius
907 3402 1053 3467 Turensis
1073 3400 1170 3466 Paris.
1185 3400 1217 3465 in
1231 3400 1313 3468 bibl.

127 3525 168 3592 N.
191 3525 231 3590 D.
254 3526 316 3589 132
336 3523 404 3602 bis,
425 3521 573 3590 Silvestre
599 3523 662 3588 tab.
687 3526 749 3603 41,
772 3523 880 3590 Livius
903 3522 1000 3587 Paris.
1027 3521 1086 3588 N⁰.
1102 3525 1208 3601 5730,
1234 3520 1312 3589 Silv.

126 3646 193 3714 tab.
209 3648 271 3723 89,
306 3643 339 3710 S.
361 3644 505 3734 Prosperi
530 3644 766 3733 Epigrammata
786 3643 884 3709 Paris.
910 3640 1023 3732 Suppl.
1054 3643 1124 3708 Lat.
1147 3641 1203 3708 ΝΟ.
1224 3645 1313 3722 669,

127 3767 205 3836 Silv.
230 3765 296 3831 tab.
312 3768 376 3844 513
403 3787 462 3830 nee
481 3787 608 3854 possum
629 3765 706 3853 quin
722 3786 871 3853 magnam
891 3761 1052 3827 observem
1072 3760 1313 3828 similitudinem

127 3889 160 3952 in
185 3885 375 3975 quibusdam
406 3885 517 3950 litteris
549 3908 623 3966 cum
648 3885 802 3974 scriptura
834 3883 1011 3972 antiquiore
1037 3881 1206 3972 Augustini
1236 3881 1313 3947 libri

126 4008 295 4096 papyracei
327 4006 516 4072 Genevensis
547 4003 625 4071 Silv.
650 4004 716 4070 tab.
739 4008 805 4070 270
829 4017 860 4070 et
883 4015 991 4069 nostro
1015 4001 1135 4068 codiee.
1192 4003 1313 4070 Verum

126 4149 194 4191 rem
221 4125 395 4193 diiudicent
425 4126 588 4215 peritiores
618 4123 879 4216 palaeographiae
915 4122 1064 4200 studiosi,
1102 4145 1180 4210 quos
1216 4122 1313 4188 semel

128 4259 223 4334 atque
242 4246 357 4310 iterum
380 4248 466 4312 iuvat
491 4245 638 4336 ablegare
662 4245 700 4310 ad
717 4246 839 4335 insigne
859 4244 938 4309 illud
959 4268 1056 4333 opus,
1083 4244 1171 4308 cuius
1184 4243 1313 4332 elegan-

126 4367 262 4432 tissimus
287 4367 389 4455 regius
413 4367 467 4433 ille
487 4366 645 4432 scribendi
667 4367 816 4456 magister
838 4365 928 4430 nobis
949 4377 1059 4429 auctor
1082 4365 1222 4443 exstitit,
1248 4362 1312 4431 Sil-

128 4500 260 4554 vestrem
282 4486 373 4567 dieo,
400 4490 454 4577 qui
489 4513 507 4554 a
542 4488 641 4555 doctis
673 4488 792 4555 civibus
823 4490 886 4554 suis
914 4486 1062 4564 adiutus,
1096 4487 1206 4577 viginti
1238 4487 1312 4553 anni

127 4624 198 4675 sunt
219 4610 362 4688 circiter,
387 4610 426 4676 de
447 4610 599 4676 industria
618 4611 648 4675 in
672 4611 816 4676 Universi
839 4608 931 4676 Orbis
953 4621 1108 4675 terrarum
1125 4608 1312 4696 Palaeogra·
