2888 5144
521 335 691 382 xxcrronrs
715 334 887 381 1111111111.
1231 319 1294 380 215

113 505 385 601 ρ11111111Ι101111
454 506 534 571 uidit
603 509 665 591 §6
701 504 854 569 coccineis
922 503 1056 569 coccinis
1084 502 1089 591 Ι
1118 503 1296 571 alacriores·

115 654 175 721 que
196 630 308 693 fierent
378 627 573 715 alacriorque
596 626 684 690 fieret
704 622 710 713 Ι
731 636 966 713 cognoscerent.
1037 637 1248 713 cognosceret.
1271 623 1277 714 Ι

115 761 271 818 ceromate
340 760 429 813 cocta
450 745 456 835 Ι
476 746 631 836 Capillum
655 784 700 793 -
722 745 891 810 faciebant.
955 753 1040 835 post
1070 748 1163 832 Ι16.
1233 750 1295 833 Ι7

116 871 264 938 confectis
334 880 364 933 et
389 867 472 932 mitti
540 870 601 954 §8
638 865 758 930 cunctis
828 865 935 930 cuncis
967 863 973 953 Ι
1004 866 1193 954 ingeniosius
1246 867 1297 931 in-

115 969 247 1076 gnuolus
317 991 334 1072 §
359 991 380 1051 9
415 984 555 1050 conciliis
625 983 762 1048 consiliis
791 983 797 1070 Ι
831 983 934 1047 Bonos
1002 984 1039 1049 A
1068 988 1172 1050 linea.
1205 983 1210 1072 Ι
1243 1008 1297 1050 co·

115 1093 269 1173 sonabant
338 1106 464 1196 publice
497 1104 690 1170 coronabant
729 1102 735 1194 Ι
773 1103 886 1168 Pericli
953 1105 1050 1184 piculi
1080 1105 1086 1194 Ι
1118 1106 1298 1171 servitutem

117 1227 322 1294 revocabatur
401 1228 553 1291 seruitute
600 1223 792 1290 reuocabant
873 1230 963 1312 §13
1000 1225 1121 1314 gladius
1190 1226 1299 1292 clauus

118 1352 202 1434 §16
226 1348 339 1437 hospes
408 1346 506 1412 hostis
575 1350 659 1434 §20
682 1345 816 1435 puberes
884 1344 984 1434 pubes
1013 1343 1020 1435 Ι
1053 1357 1125 1412 ante
1148 1347 1300 1413 miliciam

116 1469 165 1533 od
198 1492 267 1556 seq.
304 1474 322 1556 §
348 1472 486 1559 pertin.
568 1472 585 1554 §
621 1471 663 1532 13
709 1467 796 1554 luget
875 1465 986 1554 lugent
1056 1469 1139 1551 §25
1166 1480 1299 1555 quaestu

118 1603 262 1680 questum
293 1588 299 1679 Ι
330 1590 479 1656 foeditate
548 1588 679 1654 seditate

160 1709 236 1801 Cap.
274 1715 313 1777 16
345 1716 362 1799 Ι
388 1714 402 1774 1
441 1710 647 1776 Numantiam
717 1709 891 1773 numatiam
924 1707 930 1794 Ι
960 1708 1028 1772 lixis
1056 1731 1073 1774 e
1142 1708 1243 1774 lixisse
1274 1708 1280 1799 Ι

119 1844 265 1920 aequaret
333 1843 521 1919 exaequaret
590 1834 651 1918 §2
693 1828 801 1895 Sicilie
869 1829 1000 1893 siliciam
1031 1826 1037 1917 Ι
1070 1828 1301 1895 Taurominita·

118 1975 191 2017 narn
259 1952 503 2016 tauromitanam
537 1947 544 2040 Ι
575 1950 780 2040 fugitivorum
848 1949 1021 2039 fugitiuarr‘r
1089 1953 1303 2040 §4percuti

119 2071 232 2161 perditi
310 2074 325 2158 §
364 2077 382 2135 5
430 2070 593 2136 discedens
670 2069 861 2136 descendens
904 2067 910 2158 Ι
953 2070 1078 2135 Mallius
1147 2094 1303 2161 regressus

120 2191 244 2257 mallius
315 2194 378 2275 §7
427 2190 535 2256 adfixit
603 2192 705 2256 alrixit
775 2195 836 2276 §9
879 2203 1074 2280 pugnantem
1142 2205 1303 2281 pugnante

121 2319 137 2400 Ι
168 2316 209 2378 10
234 2335 312 2377 neve
381 2335 462 2377 neue
489 2312 540 2377 uel
569 2311 575 2400 Ι
609 2311 724 2377 rediret
793 2310 931 2376 redirent
963 2310 968 2399 Ι
1001 2311 1087 2377 Haec
1156 2313 1190 2377 in
1225 2313 1304 2381 haec

120 2438 136 2521 Ι
172 2439 209 2498 11
250 2431 343 2496 adfici
413 2431 496 2496 affixi
565 2436 582 2518 Ι
620 2434 660 2495 13
696 2431 837 2518 quamvis
907 2455 1003 2520 quam
1072 2437 1090 2519 Ι
1123 2435 1164 2498 14
1199 2432 1304 2498 Clear-

125 2554 196 2620 chus
266 2551 438 2618 Crearchus
470 2549 475 2640 Ι
507 2550 630 2616 hostem
698 2551 787 2617 hoste
857 2559 874 2641 Ι
901 2556 939 2618 15
977 2552 1015 2617 ad
1084 2554 1117 2617 iu

161 2674 236 2763 Cap.
272 2677 311 2739 17
345 2678 363 2762 §
394 2679 413 2739 3
451 2670 594 2762 Opimius
663 2672 797 2762 opimius
829 2673 948 2738 fuluius
980 2670 986 2762 Ι
1017 2672 1096 2737 alter
1164 2673 1243 2739 alter
1272 2674 1304 2740 id

122 2807 165 2860 est
187 2796 322 2885 opimius
354 2792 359 2882 Ι
391 2792 583 2882 Fregellanis
651 2792 831 2882 fregallanis
900 2799 963 2882 §4
995 2796 1098 2859 minus
1167 2796 1260 2861 inuiti

163 2916 238 3007 Gap.
276 2919 317 2981 18
349 2920 366 3003 Ι
399 2919 414 2980 1
453 2914 549 2981 deleti
577 2917 610 2982 in
635 2916 768 2982 aerarios
839 2914 954 2981 delecti
977 2929 1008 2983 et
1031 2917 1166 2983 inerario
1198 2915 1205 3007 Ι
1237 2918 1305 2983 abi·

122 3049 220 3103 turos.
289 3036 463 3102 habituros.

163 3158 239 3248 Gap.
270 3163 308 3223 19
334 3162 396 3243 §2
433 3157 544 3247 agebat
613 3158 724 3248 egebat
744 3157 750 3248 Ι
773 3158 863 3245 Quod
889 3183 960 3225 cum
986 3160 1081 3226 duces
1127 3161 1164 3226 A
1185 3162 1305 3225 linea:

123 3281 212 3366 Quod
237 3303 374 3384 cumque
398 3279 492 3344 duces
525 3278 529 3367 Ι
562 3279 651 3344 Laeti
675 3302 711 3344 ac
734 3278 819 3344 beati
842 3291 910 3344 tum
934 3280 1071 3370 denique
1140 3294 1171 3347 et
1194 3282 1249 3349 leti
1270 3305 1306 3348 ac

121 3397 255 3463 btitudic

165 3520 240 3609 Gap.
269 3523 311 3585 20
338 3523 396 3607 ΙΙ
435 3519 511 3584 Cato
581 3520 669 3585 Idem
694 3532 763 3585 cato
797 3519 801 3610 Ι
835 3520 911 3609 quin
982 3522 1037 3609 qui
1106 3485 1308 3610 §2potitus

120 3654 234 3729 pontus
303 3647 363 3729 §3
399 3641 543 3731 protexit.
615 3641 759 3730 protexit.

165 3763 240 3851 Cap.
279 3765 317 3825 21
356 3768 373 3850 §
412 3770 425 3826 l
474 3761 580 3827 Cocles
650 3763 745 3840 copes
777 3759 782 3850 Ι
814 3762 948 3827 Romam
1018 3759 1140 3827 romani
1173 3760 1178 3850 Ι
1210 3762 1309 3828 subli-

122 3884 206 3948 cium
238 3883 358 3949 Tiberis
427 3883 620 3948 subsilicium
655 3882 774 3948 tiberus
806 3881 811 3972 Ι
842 3894 913 3972 post
936 3894 1060 3972 tergum
1129 3883 1253 3948 leonem
1284 3880 1289 3971 Ι

121 4006 303 4094 superiactis
339 4004 409 4069 telis
442 4005 561 4070 meauit
630 4003 806 4093 superiecta
841 4002 904 4068 tela
938 4003 1052 4068 mta‘uit
1121 4007 1182 4090 §2
1223 4003 1309 4070 Haec

120 4124 213 4191 hurec
246 4124 250 4215 Ι
278 4125 442 4191 innatavit.
522 4126 686 4192 innotavit.
710 4123 714 4214 Ι
736 4126 854 4215 quippe
889 4125 1067 4190 Porsennae
1137 4123 1213 4212 quid
1237 4149 1309 4215 per·

122 4270 216 4312 senne
249 4246 253 4335 Ι
285 4247 314 4312 ei
383 4247 448 4312 eius
518 4252 579 4334 §3
626 4247 731 4311 nixam
800 4247 898 4311 rixam
968 4251 1029 4334 §4
1070 4267 1143 4310 cum
1168 4245 1232 4310 sola
1257 4270 1309 4312 arx

123 4380 153 4432 et
201 4369 387 4433 consolatrix
412 4393 447 4434 ex
479 4367 484 4456 Ι
516 4368 564 4433 his
588 4367 721 4433 collibus
768 4367 905 4457 hispanis
935 4365 939 4455 Ι
968 4369 1084 4432 tutiora
1130 4367 1263 4432 tuiciora

552 4614 879 4647 -ῶΘΘΘΦ--ν
