2888 5144
570 318 672 365 suras
696 316 837 365 coniers.
1257 299 1299 359 23

112 488 338 580 speciminibus
371 488 495 577 ingrata
530 486 568 552 fit
602 486 785 577 disputatio.
833 486 933 551 Recte
968 485 1097 550 omnino
1127 484 1300 573 scripturae

112 612 276 681 Romanae
303 608 466 674 historiam
498 630 691 698 persequens
718 606 868 695 exemplis
890 605 1115 673 demonstrarit
1138 605 1211 683 ille,
1237 626 1300 693 quo

111 730 206 797 modo
242 730 397 820 paulatim
432 754 468 796 ex
503 728 725 820 pulcherrimis
758 728 871 793 litteris
904 726 1087 793 maiusculis
1122 725 1300 816 quadratis,

113 851 223 942 quales
253 850 287 915 in
317 850 573 941 inscriptionibus
606 862 799 928 cernuntur,
828 848 957 914 labente
981 848 1153 914 Latinitate
1176 869 1302 912 necnon

111 972 312 1039 humanitate
346 984 440 1038 natae
475 972 538 1037 sint
571 970 790 1050 rotundiores,
815 969 955 1035 unciales
979 992 1057 1058 quas
1081 967 1213 1047 dieunt,
1239 991 1302 1058 quo

112 1095 244 1161 nomine
274 1115 456 1159 mensuram
492 1115 566 1158 care
602 1091 710 1159 credas
745 1091 934 1182 significari,
970 1113 1045 1156 nam
1083 1090 1218 1155 formam
1252 1113 1304 1156 re·

111 1216 242 1309 spirita
267 1193 420 1303 quadrata
444 1212 645 1280 recedentem
669 1225 765 1301 atque
789 1223 952 1278 carratam
975 1211 1092 1301 magis,
1118 1211 1182 1277 sire
1200 1210 1303 1300 negli-

113 1337 240 1428 gentius
264 1336 328 1401 sire
353 1335 489 1401 velocius
512 1358 561 1400 res
585 1333 877 1412 administraretur,
901 1345 971 1398 tum
995 1331 1214 1399 semiunciales
1236 1332 1304 1398 fac-

111 1471 164 1524 tae
187 1468 283 1536 sunt,
308 1453 422 1521 deinde
446 1454 590 1520 admixtis
614 1453 804 1544 quibusdam
826 1454 1013 1519 minusculis
1037 1467 1132 1542 atque
1150 1452 1304 1542 pedeten-

112 1578 171 1643 tim
201 1575 391 1643 introductis
422 1575 510 1654 aliis,
541 1576 575 1640 in
598 1598 716 1641 norum
740 1574 832 1656 illum
856 1597 1006 1665 campum
1029 1573 1151 1639 librarii
1173 1573 1305 1639 descen·

110 1697 229 1765 derunt
252 1697 396 1764 omnium
419 1697 597 1763 litterarum
620 1719 658 1762 ea
680 1696 822 1763 faciliore
842 1697 944 1762 forma
964 1696 1029 1775 usi,
1050 1709 1138 1784 'quae
1162 1719 1179 1759 a
1202 1695 1304 1784 prisca

111 1819 156 1885 ita
189 1818 328 1897 recedit,
362 1831 397 1884 ut
427 1792 555 1883 nonnisi
585 1841 622 1884 er
653 1819 708 1884 illa
737 1830 812 1883 nata
835 1842 901 1885 esse
924 1818 1087 1897 rideatur,
1111 1813 1305 1908 paucissimis

113 1938 304 2028 quibusdam
334 1940 491 2029 exceptis,
523 1963 606 2029 quae
637 1940 792 2029 originem
822 1939 951 2006 trahant
981 1964 1019 2006 ex
1042 1940 1143 2005 forma
1166 1938 1304 2014 cursiva,

114 2082 197 2150 quae
224 2059 358 2138 dicitur,
389 2073 421 2126 et
450 2061 611 2150 antiquior
644 2073 692 2127 est
723 2083 820 2149 quam
842 2060 938 2127 multi
960 2062 1144 2152 opinantur.
1192 2059 1304 2149 Sequi·

113 2193 166 2248 tur
199 2179 277 2246 hinc
311 2204 348 2247 ea
383 2181 588 2261 minusculis,
621 2204 703 2271 quae
731 2182 765 2247 in
796 2184 951 2272 scriptura
974 2183 1093 2249 unciali
1117 2194 1304 2260 occurrant,

115 2314 240 2369 certum
267 2302 427 2390 quendam
458 2301 560 2368 codici
590 2302 698 2368 locum
729 2303 880 2392 assignari
901 2326 1011 2394 posse,
1036 2303 1106 2369 dico
1129 2326 1245 2394 nempe
1268 2301 1307 2368 de

114 2421 187 2489 solis
210 2422 372 2512 quadratis
396 2423 652 2511 uncialibusque3
680 2422 734 2488 sed
758 2422 818 2488 alia
837 2422 1002 2490 accedunt.
1042 2424 1170 2490 Praeter
1188 2424 1307 2488 maius·

116 2543 203 2610 cules
235 2543 344 2632 quales
375 2567 412 2609 ex
444 2543 701 2634 inscriptionibus
723 2544 885 2623 norimus,
911 2544 1126 2611 etrelhunc
1150 2544 1308 2633 usquein

114 2663 201 2731 diem
230 2664 265 2729 in
295 2686 354 2728 usu
387 2676 480 2741 sunt,
512 2662 546 2728 in
578 2663 687 2752 primis
719 2663 851 2729 saeculis
879 2677 950 2753 post
980 2663 1139 2730 Christum
1162 2665 1196 2729 in
1219 2663 1307 2729 libris

117 2784 215 2852 altera
247 2782 404 2873 quaedam
432 2783 534 2848 forma
563 2783 701 2849 occurrit
732 2807 814 2874 quae
834 2784 1010 2874 elegantior
1033 2798 1064 2852 et
1087 2785 1228 2851 ornatior
1251 2784 1307 2851 eti·

117 2907 195 2973 amsi
237 2928 271 2971 re
303 2928 376 2971 rera
410 2905 470 2984 sit,
506 2906 622 2972 rustica
654 2905 788 2986 dieitur,
821 2907 911 2973 cuius
943 2909 1065 2998 generis
1105 2920 1152 2974 est
1188 2906 1308 2973 Gellius

113 3027 334 3117 palimpsestus
366 3027 527 3093 Palatinus
558 3027 614 3093 ΝΟ.
647 3030 711 3106 24,
745 3027 896 3118 Virgilius
926 3027 1100 3095 Vaticanus
1120 3029 1177 3096 ΝΟ.
1205 3031 1306 3106 3867,

113 3145 194 3215 silv.
222 3146 287 3214 tab.
314 3150 377 3227 60,
411 3146 603 3213 Prudentius
627 3147 785 3213 Parisinus
809 3147 866 3214 N⁰.
893 3152 1001 3228 8084,
1026 3149 1103 3216 Sila.
1126 3148 1193 3214 tab.
1222 3151 1307 3225 138,

115 3267 156 3335 de
179 3267 339 3356 Wailly¹l
365 3268 431 3334 tab.
457 3268 485 3333 l.
511 3291 558 3333 ex.
588 3271 618 3334 1.
656 3267 776 3334 Natum
798 3280 846 3334 est
868 3267 979 3335 bocer
999 3270 1214 3359 priscaforma
1228 3291 1308 3357 qua-

115 3388 226 3468 drata,
262 3411 325 3478 qua
361 3411 435 3478 ergo
470 3388 629 3453 recentius
658 3400 725 3466 est,
759 3389 902 3476 quamvis
933 3387 1082 3476 equidem
1109 3390 1159 3455 rix
1183 3402 1308 3478 tempus

111 3509 330 3588 distinxerim,
352 3532 415 3598 quo
439 3508 620 3575 invaluerit.
663 3506 718 3574 Sic
741 3518 777 3573 ut
801 3507 862 3574 hoc
886 3521 958 3574 utar
981 3511 1126 3600 exemplo
1150 3509 1189 3575 ad
1213 3511 1308 3579 rusti·
1424 3570 1427 3575 .

116 3654 191 3698 cum
220 3629 302 3695 illud
331 3651 430 3719 genus
461 3632 526 3695 iarn
557 3631 593 3696 lit
623 3630 773 3695 transitus
802 3629 836 3695 in
867 3628 1018 3696 Sallustio
1047 3629 1201 3696 Vaticano
1226 3632 1305 3704 silv.

116 3752 184 3821 tab.
207 3755 270 3830 42,
290 3774 416 3817 necnon
439 3752 473 3816 in
496 3750 628 3838 Virgilio
653 3750 807 3816 Vaticano
831 3749 887 3816 N⁰.
913 3755 1019 3829 3225,
1042 3750 1119 3818 silv.
1135 3752 1199 3818 tab.
1221 3757 1305 3835 165,

116 3894 177 3940 nec
200 3872 291 3938 initia
314 3871 424 3961 negari
446 3882 576 3960 possunt
594 3871 695 3936 inesse
713 3871 747 3935 in
767 3871 913 3937 Terentio
935 3872 1088 3937 Vaticano
1107 3873 1164 3939 N⁰.
1194 3877 1305 3955 3226,

116 3992 251 4082 Virgilio
275 3991 436 4072 Mediceo,
461 3992 615 4081 Lisioquc
639 3990 782 4056 Palatino
806 3992 863 4060 N⁰.
890 3996 947 4074 243
975 4006 1070 4082 atque
1083 3996 1214 4059 unicum
1225 3994 1306 4061 illud

117 4113 257 4180 sincerae
280 4088 453 4202 scripturae
477 4105 650 4202 quadratae
673 4113 873 4202 exemplum,
899 4112 1048 4203 Virgilius
1063 4114 1233 4180 Vaticanus
1246 4116 1303 4184 N⁰.

118 4237 227 4313 3255,
248 4231 327 4301 silv.
357 4232 423 4299 tab.
451 4237 514 4311 78,
538 4232 625 4299 haud
648 4234 712 4300 seio
737 4257 777 4298 an
800 4234 935 4300 imitatio
959 4235 1017 4313 sit,
1043 4256 1117 4299 nam
1140 4238 1305 4327 proprium

118 4420 283 4437 ψ

153 4532 180 4598 t)
205 4533 305 4583 Natalis
330 4533 362 4583 de
387 4532 499 4596 Wailly,
523 4531 645 4583 elementa
670 4531 918 4597 depolaeogrsphia
935 4548 998 4599 pour
1015 4533 1095 4586 servir
1114 4535 1131 4585 b
1152 4535 1245 4588 l'etude
1262 4538 1306 4589 des

118 4627 272 4680 Documents
289 4629 385 4680 Inedits
402 4644 444 4680 sur
461 4629 539 4680 l'hist.
557 4630 588 4680 de
604 4629 711 4682 Franee.
742 4626 817 4682 'Paris
836 4635 907 4682 1838.
