2888 5144
555 319 675 396 eltuto
699 320 741 366 DE
767 325 809 370 tta
834 321 988 369 sumtus.

572 619 729 685 attala
770 616 950 686 tortula.

222 851 358 919 Transeo
393 849 432 915 ad
464 850 598 917 alterum
633 850 741 916 locum
775 851 871 941 paulo
899 852 1094 941 graviorem,
1126 866 1263 923 aetatem
1292 854 1365 922 dico

172 972 295 1040 Codicis
325 971 483 1050 Tulliani,
515 972 549 1036 in
582 993 645 1060 qua
674 969 856 1037 definienda
888 971 947 1038 riri
973 970 1059 1039 docti
1087 974 1230 1042 nondum
1255 997 1365 1042 rerum

175 1095 309 1161 assecuti
341 1105 426 1160 sunt.
476 1089 595 1158 Ordine
622 1090 662 1159 de
693 1091 754 1157 hae
781 1115 815 1160 re
839 1093 942 1160 Maius
963 1092 1160 1162 iudicaturus
1184 1097 1229 1162 sio
1252 1097 1366 1188 incipit

173 1237 247 1304 pag.
280 1232 370 1281 txn:
405 1212 527 1279 »aliter
557 1213 739 1278 coniectura
771 1212 916 1279 facienda
947 1225 994 1280 est
1021 1215 1173 1283 alitteris
1196 1217 1364 1284 titulorum

172 1334 223 1401 rel
245 1335 512 1425 subscriptionum
534 1333 584 1399 rel
607 1333 704 1399 etiam
723 1331 867 1399 brevium
886 1334 1082 1425 alogiorum,
1103 1336 1194 1404 aliter
1210 1361 1247 1405 ex
1266 1339 1363 1428 ipsias

172 1465 335 1521 contextus
366 1454 532 1544 scriptura.
581 1452 725 1543 Namque
755 1454 789 1520 in
819 1455 882 1522 illis
915 1455 1102 1545 quadratam
1128 1460 1363 1549 maximamque

172 1576 360 1667 scripturam
390 1574 521 1664 plurimi
544 1573 638 1664 vulgo
662 1573 736 1641 libri
760 1574 800 1640 ab
824 1576 937 1642 ultima
960 1577 1026 1644 fere
1049 1578 1239 1668 antiquitate
1262 1602 1363 1670 usque

171 1695 212 1763 ad
239 1696 429 1763 hodiernum
459 1693 545 1761 diem
572 1717 648 1785 prae
679 1718 711 1761 se
741 1696 823 1763 ferre
854 1697 973 1778 solent,
1004 1698 1133 1766 honoris
1160 1700 1211 1766 rel
1234 1712 1362 1767 ornatus

172 1819 272 1908 gratia
302 1816 363 1883 hae
395 1817 519 1883 litterae
549 1839 665 1906 magna
688 1817 789 1883 forma
814 1819 917 1899 liunt,
942 1821 998 1910 qui
1021 1843 1089 1886 mos
1111 1822 1145 1887 in
1168 1820 1362 1889 membranis

170 1950 350 2006 retentus.»
389 1937 545 2004 silvestris
568 1937 696 2005 tabulae
720 1952 866 2005 accurate
889 1939 1050 2031 inspectae
1072 1943 1206 2009 meliora
1229 1941 1358 2024 docent3

171 2061 262 2128 affert
284 2058 414 2149 quidem
434 2059 535 2125 Maius
558 2057 598 2124 ad
621 2081 710 2125 suam
733 2059 923 2126 firmandam
943 2061 1124 2151 opinionem
1143 2062 1236 2153 plura
1255 2085 1361 2130 exem·

170 2182 244 2273 pla,
269 2181 323 2248 sed
346 2182 380 2246 in
400 2181 627 2248 recentioribus
646 2193 716 2271 post
736 2204 857 2249 nonum
881 2182 1044 2249 saeculum
1061 2205 1109 2251 res
1127 2183 1172 2248 ita
1192 2207 1224 2250 se
1243 2183 1360 2264 habet,

170 2303 224 2371 hio
246 2327 319 2370 rero
346 2302 386 2369 de
413 2301 644 2391 antiquioribus
668 2302 940 2391 pronuntiandum
958 2316 1024 2383 est,
1051 2303 1166 2394 quibus
1188 2305 1362 2371 Vaticanus

169 2425 389 2516 palimpsestus
414 2423 651 2491 adnumeratur.
700 2423 823 2514 Duplex
848 2437 954 2491 autem
978 2424 1095 2491 horum
1114 2426 1195 2492 ratio
1212 2438 1272 2506 est3
1295 2448 1360 2516 quo

169 2548 255 2615 enim
278 2560 420 2638 tempore
440 2569 477 2612 ea
496 2544 693 2612 scribebatur
711 2544 889 2612 litterarum
906 2545 1027 2624 forma,
1056 2569 1153 2634 quam
1172 2546 1206 2611 in
1224 2546 1359 2637 inscrip-

168 2668 308 2735 tionibus
332 2668 510 2746 cernimus,
534 2666 723 2734 maiusculaa
747 2666 817 2732 illas
839 2665 993 2746 dicimus,
1018 2689 1084 2732 non
1104 2678 1171 2733 erat
1191 2665 1360 2735 curaltera

169 2789 328 2856 ornatiore
360 2787 514 2877 scriptura
545 2786 629 2851 tituli
660 2799 882 2867 exorerentur,
909 2810 991 2876 quae
1009 2787 1152 2853 nondum
1175 2788 1356 2869 exsistebat3

168 2910 213 2976 sie
236 2920 359 2975 constat
380 2906 492 2974 eadem
515 2907 644 2971 omnino
667 2905 845 2974 litterarum
867 2907 969 2972 forma
990 2908 1099 2974 titulos
1119 2931 1156 2974 ac
1175 2921 1360 2976 contextum

170 3053 236 3096 esse
267 3030 422 3118 scriptum
455 3027 596 3094 Terentii
626 3026 772 3093 Vaticani
803 3026 859 3093 ΝΟ.
891 3032 981 3095 3226
1011 3051 1048 3096 er
1074 3029 1199 3095 saeculo
1223 3041 1357 3119 quarto,

170 3151 260 3216 euius
292 3150 446 3240 scriptura
470 3147 509 3214 ad
532 3147 687 3213 rusticum
707 3146 792 3236 quod
816 3145 927 3214 dicunt
950 3171 1049 3238 genus
1072 3151 1241 3217 transitum
1263 3151 1355 3232 faoit3

169 3270 254 3338 idem
298 3271 381 3335 valet
423 3269 456 3334 in
486 3267 619 3357 virgilio
648 3266 890 3341 vaticanam.
922 3273 1030 3349 3867,
1073 3269 1149 3337 silv.
1187 3270 1253 3337 tab.
1295 3275 1357 3352 60,

169 3392 204 3459 in
239 3414 302 3480 qua
336 3412 488 3481 personae
521 3387 634 3455 eadem
668 3411 732 3478 qua
762 3401 925 3456 contextus
955 3390 1056 3457 forma
1084 3392 1183 3458 minio
1214 3405 1358 3460 exaratae

170 3523 257 3592 sunt;
292 3533 352 3578 neo
376 3511 469 3576 aliter
491 3533 540 3576 res
568 3533 600 3576 se
623 3509 739 3589 habet,
765 3510 824 3577 nisi
847 3510 928 3577 fallit
952 3513 1123 3591 memoria,
1147 3513 1181 3578 in
1206 3512 1359 3580 Gellianis

169 3631 353 3722 fragmentis
383 3631 578 3721 palimpsesti
608 3630 724 3697 codicis
755 3631 891 3698 Palatini
921 3632 955 3697 in
985 3631 1064 3698 bibl.
1098 3632 1173 3700 Vat.
1205 3633 1261 3700 ΝΟ.
1296 3637 1353 3714 24;

169 3754 281 3822 eadem
304 3753 383 3818 ratio
406 3752 468 3818 fuit
490 3752 647 3821 contendo
670 3753 703 3818 in
728 3751 877 3821 Sallustio
889 3751 1064 3833 Vaticano,
1084 3775 1209 3819 necnon
1229 3754 1263 3819 in
1282 3754 1359 3821 reli·

170 3876 241 3965 quis
276 3872 457 3952 codicibus,
499 3896 635 3962 quorum
670 3872 763 3938 titulo
797 3871 965 3939 deficiente
998 3895 1047 3940 res
1078 3865 1197 3940 'confici
1231 3876 1354 3964 nequit.

82 3997 86 4004 ’
170 3995 259 4063 Nova
290 4008 400 4062 contra
430 3994 564 4060 invaluit
594 3994 693 4073 ratio,
725 4015 763 4059 ex
794 4014 857 4081 quo
886 3993 1041 4083 paulatim
1073 4015 1091 4058 a
1128 3993 1231 4083 prisca
1253 3993 1356 4061 forma

170 4116 328 4182 ornatiore
352 4115 492 4181 aberrari
511 4127 659 4204 coeptum
683 4124 749 4192 est,
774 4124 806 4178 et
826 4112 980 4202 scriptura
1004 4136 1101 4203 quam
1123 4114 1282 4180 unciolam
1305 4115 1357 4182 rel

170 4236 407 4305 semiuncialem
426 4235 556 4315 dicunt,
577 4235 611 4302 in
631 4257 723 4300 usum
747 4233 852 4313 renit,
874 4234 992 4325 quippe
1005 4256 1086 4324 quae
1098 4234 1221 4301 litterae
1232 4233 1356 4302 mediae

169 4361 252 4428 inter
281 4358 470 4425 maiusculas
501 4370 597 4446 atque
623 4355 817 4422 minusculas
839 4355 963 4446 longius
986 4353 1169 4423 recedentes
1192 4379 1210 4420 a
1233 4357 1356 4423 rusticis

168 4483 231 4549 illis
255 4481 293 4547 ad
315 4493 437 4548 textum
461 4478 724 4546 conscribendum
747 4476 992 4556 adhiberentur,
1019 4475 1097 4541 dum
1121 4477 1237 4545 alterae
1259 4501 1354 4544 orna-

168 4605 262 4670 tiores
291 4603 390 4670 titulis
422 4599 615 4666 lemmatisre
646 4599 848 4678 inservirent,
881 4600 944 4667 sire
974 4598 1093 4665 maiore
1123 4598 1223 4666 forma
1254 4613 1289 4668 ut
1319 4601 1352 4666 in
