2888 5144
587 324 849 372 uunnnfflottns.

169 492 352 582 prothetis
382 494 482 570 forte,
514 504 609 581 atque
640 491 786 558 editionis
809 493 978 559 correctori
997 491 1163 560 tribuerim
1187 493 1265 584 Gap.
1293 501 1314 561 3

129 616 144 698 §
181 620 220 678 l:
271 612 353 680 «Ob
383 613 464 678 levia
493 613 613 701 proelia
645 612 774 701 quidam
802 616 1032 703 imperatoris
1054 613 1232 704 triumphos
1256 614 1316 681 sibi

125 733 251 800 decerni
281 734 519 822 postulabant»
550 755 609 823 pro
633 736 885 822 imperatores,
910 732 952 798 cf.
980 732 1086 799 Valer.
1113 733 1165 813 ΙΙ,
1191 738 1211 801 8
1237 737 1254 820 §
1281 738 1313 800 1.

168 852 300 920 Constat
335 876 372 919 ex
408 853 538 918 historia
572 852 756 942 Philippum
791 876 856 918 esse
891 855 1011 919 victum
1041 877 1060 918 a
1092 853 1129 920 T.
1165 855 1314 941 Quinctio

125 974 322 1053 Flaminino,
356 975 445 1040 cuius
476 974 605 1039 fratrem
641 975 776 1040 Lucium
805 996 904 1063 quum
938 975 1082 1041 Valerius
1110 975 1164 1055 ΙΙ,
1202 980 1222 1041 9
1248 979 1266 1062 §
1294 982 1315 1042 3

124 1095 225 1160 tradat
257 1118 276 1158 a
308 1092 429 1161 Catone
461 1106 572 1160 senatu
599 1117 665 1160 esse
695 1106 837 1173 motum,
868 1118 991 1160 summo
1015 1096 1084 1161 iure
1108 1096 1242 1162 editores
1266 1094 1316 1162 vel

126 1229 233 1280 contra
258 1216 508 1281 consentientem
532 1213 678 1280 codicum
701 1214 870 1280 lectionem
894 1214 1039 1280 dixerunt
1062 1215 1155 1280 illurn
1180 1217 1218 1283 L.
1241 1217 1316 1284 Fla·

124 1336 310 1412 mininum;
336 1347 368 1400 nt
392 1336 478 1400 Paris
502 1335 572 1400 Lib.
599 1334 650 1412 ll,
677 1332 756 1423 Cap.
784 1338 803 1399 4
826 1336 879 1420 §3
904 1358 1015 1406 rerum
1028 1337 1161 1401 serravit
1177 1360 1315 1417 nornen,
1337 1356 1340 1360 ’

125 1469 233 1521 contra
262 1456 345 1522 lllaio
374 1456 514 1545 placuit,
544 1456 599 1543 qui
623 1456 822 1543 epitomatori
846 1478 1011 1522 erroneam
1034 1457 1168 1522 formam
1192 1458 1314 1524 Flami-

124 1581 216 1641 nium
248 1576 400 1642 obtrudit.
449 1576 496 1642 De
527 1576 685 1666 proposito
716 1577 832 1666 spreuit
863 1578 1035 1666 genuinam
1058 1579 1213 1658 formam,
1239 1601 1314 1645 nam

125 1697 192 1763 bib.
228 1696 291 1776 ΙΙ,
326 1695 403 1787 Cap.
441 1701 461 1763 8
494 1702 511 1783 §
546 1702 565 1763 4
594 1695 733 1786 Philippi
760 1697 861 1763 ricton
891 1699 931 1763 ab
956 1701 1213 1788 coappellatur:
1240 1701 1312 1767 «Τ.

127 1818 269 1904 Quintus
304 1818 546 1898 Flaminius,»
582 1819 704 1883 etiamsi
739 1817 836 1885 codex
871 1832 956 1886 recte
993 1821 1123 1886 omnino
1146 1820 1194 1886 bis
1217 1819 1314 1887 habet

126 1940 192 2004 «T.
230 1939 388 2024 Quintius
406 1940 615 2006 Flamininus
626 1963 661 2019 ,u
686 1951 721 2004 ut
744 1962 780 2005 er
801 1939 974 2006 emendatis
993 1940 1082 2006 libris
1101 1941 1218 2030 legitur
1230 1941 1316 2031 apud

127 2059 193 2126 Fal.
220 2058 286 2138 ΙΙ,
312 2064 333 2125 6
357 2062 375 2145 §
401 2066 433 2126 5.
484 2059 628 2148 Denique
653 2060 724 2125 Lib.
751 2059 800 2138 Ι,
831 2059 909 2150 Gap.
937 2066 956 2127 2
982 2064 1000 2147 §
1025 2065 1045 2128 6
1069 2085 1175 2128 reram
1199 2060 1315 2128 codicis

126 2179 293 2246 lectionem
325 2181 548 2245 Flamininum
580 2180 681 2245 Maius
705 2180 822 2246 abiecit
843 2180 993 2271 deditque
1013 2182 1211 2249 Flaminium
1236 2205 1313 2248 con·

126 2314 171 2367 tra
203 2301 273 2366 Fal.
305 2302 354 2380 Ι,
388 2305 407 2365 2
439 2304 456 2387 §
481 2305 519 2381 6,
545 2313 577 2367 et
595 2300 772 2382 historiam
795 2325 857 2390 qua
881 2303 913 2367 in
938 2326 972 2369 ne
996 2304 1168 2369 certissima
1188 2304 1213 2367 si
1237 2325 1317 2392 opus

128 2436 171 2488 est
205 2421 309 2488 adhuc
340 2422 492 2501 testibus,
518 2421 647 2487 consule
671 2422 778 2486 Fastos
804 2420 1018 2512 Capitolinos,
1042 2423 1158 2512 quibus
1181 2423 1258 2492 item
1282 2446 1315 2488 se

129 2542 295 2609 defendere
319 2555 421 2632 potest
444 2542 564 2621 editor,
591 2542 676 2630 quod
700 2541 771 2607 Lib.
800 2541 863 2620 ΙΙ,
889 2540 967 2631 Gap.
994 2547 1014 2607 6
1040 2546 1057 2628 §
1083 2549 1103 2609 3
1127 2555 1212 2609 recte
1237 2565 1316 2626 con-y

127 2677 172 2729 tra
195 2664 338 2729 codicem
362 2663 483 2729 dederit
508 2662 705 2742 Flaminio,
726 2662 797 2728 ride
822 2662 890 2727 Fal.
918 2663 980 2742 ΙΙ,
1005 2668 1025 2729 6
1052 2666 1069 2748 §
1096 2669 1128 2728 3.

168 2785 225 2850 His
255 2785 356 2849 tribus
389 2785 464 2850 locis
497 2782 671 2849 emendatis
700 2805 867 2872 pergamus
898 2783 931 2847 in
963 2783 1059 2848 Libro
1089 2782 1160 2861 ΙΙΙ,
1187 2784 1264 2873 Cap.
1290 2787 1310 2850 2

128 2908 144 2991 §
168 2910 208 2971 12
228 2907 290 2971 leri
314 2928 418 2970 errore
437 2903 621 2982 liberando,
646 2905 702 2992 qui
724 2903 839 2969 codicis
863 2917 1072 2969 correctorem
1092 2903 1312 2995 editorumque

126 3025 216 3091 lusit:
267 3024 404 3115 «Scipio
444 3025 590 3091 Metellus
623 3024 792 3090 infeliciter
828 3021 887 3090 Gn.
929 3022 1094 3114 Pompeio
1126 3027 1233 3114 generi
1265 3026 1314 3092 sui

126 3146 256 3213 defensis
283 3146 445 3236 partibus,
474 3146 577 3235 gladio
601 3169 632 3211 se
656 3146 817 3211 traiecit.»
853 3141 958 3210 (lodex
982 3144 1067 3211 enim
1091 3156 1123 3210 et
1146 3145 1215 3212 an.
1240 3146 1313 3227 ΙΙΙ,

131 3270 148 3330 2
172 3269 191 3352 §
216 3271 256 3332 13
280 3265 417 3332 habent:
445 3265 601 3357 Pompei.

170 3387 291 3453 Eodem
323 3388 426 3476 capite
459 3390 476 3471 ᾗ
512 3390 553 3452 25
586 3386 671 3450 Paris
703 3386 861 3473 conspirat
895 3408 968 3450 cnm
1002 3384 1128 3451 Falerio
1161 3389 1179 3471 §
1214 3390 1256 3451 24
1280 3389 1315 3454 in

95 3528 99 3535 ·
130 3508 267 3574 numeris
300 3507 489 3597 spoliorum,
521 3505 708 3583 vulnerum,
741 3526 1015 3593 coronarumque,
1040 3505 1156 3594 qnibus
1180 3506 1217 3572 L.
1245 3506 1317 3574 Sic-

131 3629 215 3708 cius,
254 3628 303 3694 vel
340 3626 487 3705 Sentius,
516 3627 670 3692 Dentatus
693 3638 821 3691 ornatus
843 3626 958 3704 fuerit,
984 3638 1206 3714 praeterquam
1230 3628 1316 3716 quod

131 3749 211 3838 apud
242 3749 360 3814 lulium
391 3748 508 3838 legitur
540 3771 560 3811 ‹<
575 3767 653 3814 7111
676 3747 883 3836 triumphales
908 3769 1018 3812 currus
1042 3759 1167 3812 secutus
1180 3771 1215 3824 ,u
1238 3747 1316 3815 dum

129 3869 270 3936 Valerius
294 3869 402 3935 scribit
425 3892 558 3947 nouem,
583 3869 673 3957 atqui
695 3891 760 3933 non
784 3867 958 3958 spernenda
981 3878 1028 3932 est
1051 3879 1126 3932 nota
1155 3869 1316 3958 margina-

128 3990 162 4055 lis
185 4009 316 4055 «71111
335 3990 414 4055 tri.»

170 4111 218 4178 lle
249 4134 305 4176 suo
338 4110 425 4176 dedit
449 4110 551 4176 Maius
575 4110 644 4177 eod.
670 4111 765 4177 Libro
790 4109 868 4200 Gap.
895 4115 914 4175 5
940 4112 957 4194 §
983 4115 1001 4175 5
1024 4109 1160 4174 formam
1184 4132 1317 4202 compc-

129 4232 216 4298 sitnm
247 4233 281 4297 in
314 4231 384 4297 loco
414 4231 451 4296 L.
485 4231 661 4321 Scipionis,
696 4233 785 4297 cuius
807 4243 941 4296 «statua
965 4229 1166 4318 chlamydata
1190 4245 1222 4298 et
1246 4254 1316 4300 cre-

129 4353 233 4440 pidato
263 4355 296 4418 in
328 4352 484 4444 Capitolio
514 4355 615 4444 posita
643 4366 709 4432 est,
735 4376 798 4442 quo
821 4352 934 4418 habitu
957 4374 1032 4417 usus
1056 4353 1247 4443 aliqnando,
1272 4355 1316 4420 ite

131 4496 159 4539 se
178 4475 395 4563 conformari
412 4475 547 4541 voluit.»
581 4474 725 4539 Valerius
738 4475 805 4553 ΙΙΙ,
831 4478 851 4539 6
877 4476 895 4559 §
920 4477 939 4538 2
964 4473 1111 4540 dederat:
1139 4497 1233 4564 «quo
1256 4473 1317 4539 ha-

130 4591 195 4666 bitn
217 4596 354 4686 effigiem
378 4619 466 4662 snam
482 4595 678 4682 formatam
702 4595 777 4684 poni
800 4593 940 4674 rolnit3u
964 4606 996 4660 et
1018 4594 1105 4661 Paris
1120 4594 1291 4681 sormuri.
