2888 5144
403 1421 486 1539 lut
522 1419 573 1540 Ο.
610 1422 792 1542 IULIO
828 1421 1117 1544 victoni.

693 1753 823 1783 -ωο-

211 1993 418 2059 Transeamus
430 1991 470 2058 ad
483 1990 631 2073 alteram,
653 2016 749 2082 quam
766 1992 906 2082 Angelus
918 1994 1019 2059 Maius
1031 1992 1203 2083 inscripsit:
1219 1990 1355 2059 Novom

169 2111 410 2181 Collectionem
442 2111 661 2205 Scriptorum
691 2113 731 2179 V
728 2123 858 2180 storum
890 2137 907 2179 e
938 2112 1131 2179 Vaticanis
1167 2111 1355 2181 Godieidus

163 2232 301 2311 editam,
333 2233 437 2300 Tomis
469 2233 555 2300 Xin
577 2248 689 2325 quarto
718 2234 929 2326 compleram3
954 2246 1074 2301 exstant
1093 2235 1127 2299 in
1146 2234 1201 2300 illa
1222 2232 1356 2301 Classici

166 2355 272 2420 Latini
303 2353 449 2444 quidam,
482 2357 515 2421 in
540 2356 654 2445 quibus
678 2356 875 2423 conferendis
899 2367 931 2422 et
954 2353 1158 2421 emendandis
1181 2354 1257 2420 olim
1281 2377 1354 2421 rer·

164 2487 248 2542 satus
275 2497 362 2541 nunc
393 2498 573 2566 expromam
605 2499 687 2566 quae
709 2477 831 2543 utiliter
854 2475 892 2541 ad
916 2477 1055 2542 virorum
1078 2475 1244 2542 doctorum
1267 2477 1355 2541 uoti·

164 2597 241 2662 tiam
271 2597 406 2687 perferri
432 2620 522 2688 posse
553 2596 711 2664 ridentur.
761 2597 853 2684 Quod
882 2599 965 2664 enim
994 2620 1087 2689 supra
1113 2596 1154 2662 de
1177 2596 1254 2663 lllaii
1278 2595 1355 2662 dili-

164 2719 269 2807 gentia
292 2717 419 2796 monui,
445 2717 529 2784 ralet
547 2719 731 2806 praesertim
754 2720 787 2783 in
810 2719 847 2783 iis
872 2718 1067 2797 auctoribus,
1093 2741 1171 2807 quos
1182 2716 1356 2784 emendare

164 2858 251 2902 nuuc
275 2837 449 2926 aggredior.
476 2835 576 2904 curas
599 2837 752 2904 secundas
776 2861 835 2905 uec
858 2839 911 2905 ille
935 2861 995 2905 neo
1015 2839 1068 2904 alii
1084 2851 1154 2929 post
1169 2861 1244 2905 eum
1259 2838 1354 2905 adhi-

162 2956 319 3035 buerunt,
352 2956 437 3045 quod
468 2981 505 3023 eo
535 2959 634 3047 magis
664 2955 856 3037 dolendum,
887 2959 1037 3047 quoniam
1064 2961 1105 3024 ne
1134 2958 1353 3047 apographum

163 3076 291 3166 quidem
316 3098 409 3141 suum
428 3099 501 3142 oum
525 3076 613 3142 libris
636 3078 858 3169 manuscriptis
878 3079 1013 3144 contulit
1035 3079 1103 3159 ille;
1131 3100 1206 3143 narn
1218 3078 1279 3143 nisi
1290 3076 1354 3145 hoc

163 3196 253 3262 nobis
285 3218 462 3276 sumamus,
496 3198 651 3288 explicare
682 3221 746 3265 non
772 3221 937 3288 possumus
963 3221 1102 3277 errores,
1132 3221 1212 3288 quos
1234 3199 1354 3288 passim

163 3318 203 3383 ab
236 3340 273 3384 eo
304 3317 484 3383 commissos
515 3318 633 3385 inveni.
682 3320 808 3385 Possem
837 3319 1004 3385 subsistere
1030 3320 1063 3384 in
1085 3319 1246 3386 Varietate
1269 3319 1353 3387 Lec-

163 3439 257 3504 tionis
280 3437 504 3518 describenda,
537 3439 590 3505 sed
614 3440 697 3505 malo
720 3442 829 3531 paucis
853 3453 962 3506 notare
986 3462 1067 3529 quae
1093 3438 1172 3505 mihi
1195 3439 1228 3504 in
1252 3441 1353 3531 scrip·

127 3596 133 3606 .
163 3572 234 3625 tura
256 3560 365 3625 vitiosa
386 3558 582 3626 emendanda
603 3584 634 3627 se
654 3561 856 3641 obtulerunt,
882 3574 950 3627 tum
973 3573 1159 3650 propterea,
1184 3583 1225 3626 ne
1244 3560 1353 3628 irritus

162 3702 252 3747 meus
286 3680 376 3746 labor
408 3680 503 3747 fuisse
535 3696 703 3772 appareat,
740 3668 810 3748 turn
841 3695 970 3773 propter
1000 3683 1183 3770 scriptores,
1213 3695 1353 3770 quorum

165 3800 270 3867 Editio
294 3801 444 3891 Princeps
465 3801 610 3867 nonnihil
628 3815 781 3892 augeatur
799 3800 928 3868 demum
946 3815 1017 3893 post
1036 3801 1206 3868 doctissimi
1222 3800 1353 3867 editoris

161 3933 307 3987 mortem.

207 4040 325 4109 Ordine
356 4041 562 4132 procedentes
586 4042 746 4110 videamus
770 4043 809 4109 de
836 4044 870 4110 C.
897 4044 978 4111 Iulio
1003 4044 1150 4121 Victore,
1177 4044 1267 4109 euius
1292 4042 1352 4108 Ars

161 4163 317 4230 rhetorica
348 4174 447 4228 exstat
474 4164 507 4229 in
538 4163 654 4231 Codice
680 4138 1066 4231 Ottohoniano-Vaticano
1090 4162 1145 4231 N⁰.
1173 4166 1275 4245 19683
1303 4177 1353 4230 est

159 4283 437 4361 membranaceus,
460 4284 535 4349 olim
554 4308 571 4350 e
591 4284 678 4350 libris
696 4285 846 4351 Iohannis
868 4285 981 4376 Angeli
1000 4285 1089 4351 ducis
1109 4282 1149 4350 ab
1170 4283 1349 4375 Altaemps,

160 4406 262 4472 forma
293 4405 327 4469 in
359 4416 489 4483 octavo,
523 4405 604 4471 foliis
629 4410 671 4472 32
695 4429 810 4497 magna
834 4429 908 4474 curn
931 4405 1094 4496 diligentia
1118 4417 1261 4472 exaratus
1285 4426 1350 4469 sae·

160 4528 231 4593 culo
251 4523 457 4602 duodecimo,
478 4526 633 4617 scriptura
657 4526 780 4594 assidua
804 4550 878 4594 cum
902 4526 1009 4592 multis
1033 4526 1137 4613 siglis,
1162 4527 1252 4592 cuius
1278 4549 1349 4616 spe-
