2888 5144
129 304 193 366 180
599 320 708 369 rursus
734 319 840 366 11111.

126 488 196 565 Val.
222 487 303 568 VII,
327 488 431 560 rurs.
450 487 694 577 §igeuuinum
706 489 826 558 habent
846 489 1070 568 cecideruat;
1092 489 1313 557 obversabatur

125 609 254 675 fortasse
282 607 389 674 adhue
415 608 491 675 Maii
514 608 619 674 animo
642 608 744 678 ferma
767 611 827 677 ista
849 608 1003 676 caecidit
1026 633 1063 676 er
1088 608 1256 677 Ciceronis.
1276 610 1314 678 de

126 729 174 797 Re
205 729 337 795 Publica
368 729 400 795 II
430 727 454 817 §
490 732 545 809 183
572 741 605 795 at
627 729 672 795 ibi
696 731 746 796 rel
768 731 999 820 stupidissimus
1020 731 1080 799 iste
1098 732 1247 798 librarius
1269 756 1314 799 en

126 874 229 926 rorem
254 851 389 917 eorrerit
410 862 565 939 punctum
587 850 712 919 litterae
736 874 759 915 a
782 851 1034 942 superaddendo.

173 970 310 1038 Difficile
336 969 425 1037 dictu
452 981 498 1036 est
530 969 607 1059 quid
637 970 697 1036 sibi
726 971 861 1038 voluerit
883 972 985 1039 Maius
1009 985 1120 1039 contra
1144 975 1316 1063 antiquita·

126 1104 193 1169 tem
217 1091 256 1156 de
280 1113 336 1157 suo
355 1092 496 1159 inserens
522 1091 595 1158 Lib.
622 1091 701 1171 VII,
727 1090 805 1182 Cap.
831 1096 852 1159 6
878 1095 897 1178 5
924 1097 958 1158 1:
987 1116 1056 1159 «ea
1078 1092 1118 1160 de
1139 1115 1176 1160 re
1192 1097 1316 1184 patri·

128 1213 189 1278 bus
219 1236 277 1304 per
305 1212 378 1279 trib.
411 1212 457 1302 pl.
488 1210 528 1279 ad
549 1212 705 1302 populum
728 1213 792 1281 lata
815 1215 1022 1303 rogationem
1048 1213 1134 1303 qued
1159 1213 1322 1280 absurdis-1

129 1334 243 1400 simum
275 1332 525 1399 additamentum
556 1333 646 1400 nullo
676 1334 803 1423 negotio
835 1334 905 1401 tolli
932 1333 1047 1414 debet,
1076 1346 1207 1425 propter
1234 1334 1318 1401 cedi·

129 1476 199 1524 cern
228 1466 260 1520 et
292 1453 363 1520 Val.
391 1453 467 1533 VII,
492 1457 513 1520 6
539 1458 556 1540 5
583 1460 599 1519 1
627 1467 797 1545 antequam
821 1477 903 1521 nora
926 1478 1001 1522 crux
1026 1456 1226 1544 antiquitatis
1253 1456 1316 1523 lle·

128 1598 241 1654 manae
264 1575 408 1641 studiosis
433 1575 555 1641 existat.

173 1694 341 1786 Sequentia
356 1695 473 1785 Capitis
491 1698 508 1781 §
524 1699 543 1760 2
557 1695 624 1761 dae
642 1697 785 1765 continet
801 1697 966 1786 exempla,
987 1695 1193 1763 Casilinatum
1205 1720 1318 1788 nempe

93 1890 96 1897 .
128 1816 214 1908 quod
244 1832 291 1885 est
323 1819 442 1885 Valerii
464 1817 547 1896 VII,
573 1821 593 1884 6
618 1823 635 1904 5
665 1821 685 1883 2
710 1830 742 1885 et
765 1817 1042 1885 Praenestinorum
1068 1817 1154 1907 quod
1177 1818 1318 1908 sequitur

127 1939 206 2006 ibid.
240 1941 258 2024 §
291 1945 331 2018 3,
364 1961 423 2004 neo
452 1938 542 2004 aliter
573 1937 660 2004 dedit
682 1938 829 2004 librarius
853 1938 966 2005 rerba:
1016 1937 1081 2004 «In
1105 1937 1162 2002 illa
1184 1938 1318 2005 obsid.»

130 2060 251 2125 alinea
271 2057 451 2137 seribeudo;
477 2080 537 2126 nee
559 2070 605 2126 est
634 2058 731 2147 igitur
754 2081 811 2125 cur
833 2057 873 2125 ab
896 2058 952 2124 illa
975 2081 1050 2124 sana
1073 2060 1196 2126 ratione
1219 2059 1319 2131 disca

130 2180 253 2247 damus.
290 2178 406 2245 Contra
429 2192 514 2246 reete
537 2180 667 2245 omnino
692 2180 793 2245 Maius
817 2181 931 2269 sprevit
954 2180 1076 2248 librarii
1098 2179 1317 2248 auctoritatem

129 2324 295 2392 perperam
319 2323 433 2367 noram
456 2300 636 2390 iucipientis
658 2301 892 2390 paragraphum
916 2300 950 2380 Ι,
977 2307 995 2366 5
1019 2303 1037 2386 5
1062 2305 1100 2366 7:
1126 2301 1182 2368 Eo
1206 2313 1317 2368 autem

131 2423 189 2488 die
201 2471 210 2502 ,
242 2435 274 2488 ct
302 2421 350 2501 V,
385 2425 404 2488 4
437 2419 454 2506 5
490 2425 552 2487 191
587 2420 664 2488 Hoc
680 2430 813 2511 pacto,·
842 2443 967 2488 necnon
991 2423 1153 2488 contemni
1176 2435 1316 2512 poterat,

130 2544 215 2634 quod
249 2543 395 2608 librarius
428 2564 594 2632 perperam
628 2541 684 2608 has
715 2543 927 2632 paragraphus
955 2542 1217 2632 praecedentibus
1245 2543 1318 2610 sub·-

128 2688 223 2733 neras
254 2664 469 2753 descripserit:
502 2663 538 2741 I,
572 2666 591 2728 2
625 2665 642 2746 §
671 2666 712 2742 2,
744 2666 762 2729 4
796 2665 813 2747 §
848 2672 883 2741 1,
916 2663 969 2742 II,
1004 2665 1021 2728 1
1057 2666 1074 2748 §
1104 2667 1167 2744 32,
1193 2669 1317 2754 3511,

132 2786 179 2862 V,
213 2789 231 2850 2
265 2789 348 2874 54,
382 2787 446 2868 3-5
476 2787 536 2863 15,
562 2783 643 2862 VII,
673 2787 692 2848 2
718 2785 735 2868 5
763 2786 778 2848 1
806 2783 890 2872 quod
914 2784 1019 2850 statim
1043 2785 1195 2865 correxit,
1222 2784 1316 2865 VIII,

131 2911 150 2972 7
173 2909 192 2992 §
216 2910 279 2985 23,
304 2905 370 2984 lx,
393 2909 411 2970 7
434 2905 586 2993 superiori
605 2905 701 2994 capiti
720 2903 895 2983 adnexum,
917 2904 980 2984 IX,
1005 2908 1077 2993 155
1095 2904 1201 2971 7item
1212 2918 1318 2996 postea

132 3039 323 3105 correctum3
358 3023 495 3112 denique
527 3025 615 3091 Libri
643 3023 707 3103 IX,
741 3021 818 3113 Cap.
853 3026 893 3089 15
926 3026 945 3109 §
976 3029 996 3090 3
1023 3037 1056 3091 et
1080 3030 1099 3090 4
1124 3047 1189 3091 uno
1211 3039 1318 3093 tenore

132 3149 266 3237 scriptae
289 3157 382 3223 sunt,
406 3166 516 3210 rerum
541 3145 601 3210 alia
625 3143 704 3209 ratio
726 3144 846 3233 placuit
869 3145 918 3222 ei,
943 3144 1000 3232 qui
1019 3143 1161 3210 rubricas
1181 3145 1321 3236 adseripa

132 3270 193 3349 sit,
217 3267 288 3334 ride
312 3266 476 3333 Valerium
500 3265 563 3345 lx,
591 3269 632 3331 14
657 3268 675 3351 §
702 3270 722 3331 3
746 3277 778 3332 et
802 3271 834 3332 4.

179 3388 344 3456 Ridiculus
377 3410 464 3455 error
497 3387 620 3478 irrepsit
654 3387 688 3451 in
724 3387 795 3454 Lib.
830 3387 930 3467 VIII,
965 3384 1044 3476 Cap.
1080 3390 1094 3452 l
1124 3389 1141 3472 §
1168 3393 1213 3467 4,
1237 3388 1317 3478 App

134 3511 261 3582 Claudii
280 3502 442 3576 *iudicium
468 3508 601 3576 dilatum
625 3531 691 3575 esse
722 3508 909 3574 «beneficio
933 3508 1036 3574 subito
1059 3512 1151 3573 certi
1173 3509 1318 3575 imbris.»

136 3634 177 3703 It
200 3632 297 3700 eoder
320 3654 394 3697 cum
414 3629 485 3695 Val.
512 3628 608 3708 VIII,
634 3633 650 3692 1
678 3633 695 3715 5
721 3632 741 3694 4
763 3628 861 3695 habet
883 3630 976 3695 unice
1000 3651 1109 3695 rerum
1133 3634 1257 3696 coorti.

181 3753 312 3822 Lineola
343 3751 419 3819 Maii
449 3750 556 3817 oculos
586 3750 710 3838 fugiens
732 3773 769 3815 er
793 3751 970 3816 accusativo
992 3749 1067 3814 feeit
1090 3749 1265 3816 ablativum
1287 3751 1319 3814 in

135 3876 206 3943 Lib.
228 3874 325 3952 VIII,
350 3871 425 3961 Cap.
450 3875 469 3936 7
495 3872 513 3956 §
537 3874 579 3950 6,
605 3870 660 3936 ubi
683 3870 779 3936 codex
803 3870 916 3936 habet:
942 3868 1011 3937 «C.
1039 3868 1168 3935 Crassus
1190 3893 1265 3937 eum
1285 3871 1319 3937 in

134 3997 227 4065 Asia
247 3993 287 4058 ad
307 3991 520 4059 Aristonicum
537 4013 644 4080 regern
660 3989 883 4058 debellandum
896 3991 1075 4069 venisset,>›
1095 3991 1319 4080 atquiAsr'am

134 4119 277 4206 legatur,
303 4112 372 4179 ride
386 4111 490 4179 Valer.
514 4111 610 4191 VIII,
635 4115 654 4176 7
682 4112 699 4196 §
726 4115 760 4178 6.
808 4109 928 4178 Eodem
951 4110 1066 4177 mendo
1090 4110 1255 4218 liberanda
1275 4121 1319 4176 est

136 4239 153 4321 §
192 4241 211 4300 4
246 4234 321 4323 Cap.
355 4235 375 4298 6
407 4230 478 4296 Lib.
513 4253 596 4319 seq.:
647 4228 837 4294 «Hannibal
855 4229 1041 4295 Nucerinos
1070 4228 1152 4293 urbe
1183 4250 1319 4318 egressos

135 4351 248 4447 rapere
271 4366 303 4420 et
326 4354 415 4419 fumo
432 4351 630 4417 balinearum
647 4350 898 4439 strangulando>
921 4349 1020 4416 idest
1041 4349 1179 4428 arbam·
1202 4349 1319 4440 inspice

135 4480 242 4546 Valer.
268 4475 334 4554 Ill,
360 4473 475 4538 61111.
501 4470 524 4560 5
550 4475 582 4538 2.

180 4601 252 4669 Non
275 4594 440 4667 exhibetur
462 4593 496 4659 in
519 4593 599 4660 libro
623 4607 728 4662 nostro
754 4592 832 4682 Cap.
860 4599 879 4661 9
903 4598 919 4678 5
946 4598 986 4658 21
1036 4592 1154 4661 «Missi
1177 4615 1195 4656 a
1219 4591 1316 4660 Cinna
