2888 5144
589 308 852 356 nurrnirrorns.
1255 292 1315 354 157

127 485 295 566 seqnntnr
318 477 464 542 exhibere
487 477 648 558 codicem,
673 502 748 545 nam
770 477 900 568 pluralis
924 499 1073 542 numerus
1094 488 1178 541 recte
1204 489 1313 542 exstat.

174 597 265 685 Quod
297 597 372 662 ibid.
398 621 428 663 v.
458 600 499 664 19
524 597 660 665 Orellius
683 598 846 688 proposuit
870 578 1051 662 dubitanter
1068 596 1315 686 protendimus

125 721 159 785 in
190 720 256 784 his:
307 716 573 784 «Summittimus
600 742 733 798 manus,
764 720 826 784 sire
849 717 1013 783 adorantes
1037 717 1226 796 attollimus,
1252 719 1315 783 sire

126 840 234 928 aliqua
264 839 531 905 demonstratione
554 853 608 905 aut
631 840 830 905 invocatione
845 838 1158 929 praetendimus,>›
1181 838 1243 905 hoc
1266 840 1316 903 in·

128 983 224 1049 quam
249 960 350 1025 Maius
374 960 449 1026 dare
472 961 640 1050 potuisset,
668 959 841 1024 dummodo
864 959 1028 1024 librarium
1051 972 1131 1025 esset
1155 971 1292 1024 secutus.

174 1079 343 1170 Superest,
369 1093 404 1144 ut
427 1081 538 1144 vitium
561 1080 671 1144 tollam
683 1081 717 1144 in
731 1077 810 1169 (lap.
825 1079 915 1144 XXV
927 1078 966 1144 dc
979 1081 1221 1158 exercitatione,
1241 1103 1314 1169 pag.

63 1244 66 1248 ι
129 1204 194 1265 262
226 1225 255 1266 v.
289 1206 326 1266 l:
377 1199 516 1280 «Haec,
550 1223 631 1289 quae
657 1222 751 1289 supra
782 1199 868 1265 dicta
895 1212 987 1278 sunt,
1020 1212 1052 1265 et
1080 1223 1180 1289 quum
1203 1212 1318 1266 natura

127 1320 314 1387 obvenerint
344 1333 376 1386 et
408 1333 474 1385 arte
505 1321 624 1385 fuerint
656 1320 849 1408 excogitata,
881 1319 919 1384 ad
949 1320 1077 1409 plenam
1108 1333 1215 1386 tamen
1240 1346 1317 1387 eon·

115 1443 361 1530 firmationem
393 1441 482 1506 nulio
517 1440 611 1505 modo
644 1463 735 1530 posse
763 1442 830 1506 sine
861 1463 920 1505 usu
950 1439 1119 1529 perduci.»
1164 1441 1239 1508 Non
1271 1456 1318 1509 cst

127 1563 423 1650 confirmationem
447 1584 557 1627 verum
581 1560 871 1647 consternationem
896 1559 1029 1626 verbum
1048 1585 1085 1627 ex
1104 1537 1318 1646 Quinctiliano

128 1683 337 1748 notissimum.

175 1925 295 1990 Verum
328 1923 407 1989 haee
442 1922 622 1988 emendasse
655 1923 809 2001 sufficiat,
845 1945 909 1987 non
944 1924 1029 1990 euim
1055 1924 1136 1989 mihi
1156 1925 1189 1989 in
1213 1927 1319 1991 animo

130 2058 197 2111 erat
226 2045 422 2109 coniecturas
452 2044 486 2108 in
510 2043 592 2108 Iulio
617 2042 744 2108 Victore
767 2065 963 2132 proponere,
988 2056 1127 2133 praestat
1150 2045 1244 2111 verbo
1268 2048 1318 2112 in·

130 2165 250 2231 dicasse
283 2188 402 2230 errores
441 2187 478 2230 er
512 2163 734 2253 compendiosa
762 2164 916 2253 scriptura
939 2175 1049 2243 natos,
1085 2165 1152 2230 aliis
1183 2167 1321 2234 libenter

127 2286 224 2352 huius
258 2285 391 2351 rhetoris
425 2283 535 2349 Artem
563 2283 794 2349 emendandam
817 2284 982 2372 relinquo,
1014 2284 1099 2372 quod
1121 2309 1182 2374 quo
1206 2288 1320 2354 melius

131 2408 187 2472 fiat
195 2457 204 2487 ,
230 2429 410 2496 expromam
423 2405 581 2470 Lectionis
595 2405 787 2470 varietatem
800 2454 808 2483 ,
831 2426 911 2493 quae
925 2402 1068 2469 addenda
1081 2418 1127 2471 est
1139 2406 1205 2487 illi,
1222 2431 1321 2497 quam

131 2530 165 2593 in
187 2539 323 2616 utraque
347 2527 490 2591 Romana
514 2546 639 2590 necnon
660 2525 695 2590 in
717 2523 881 2591 Orelliana
901 2525 1042 2591 invenies
1062 2524 1211 2593 editione.
1250 2530 1319 2615 Qua

130 2651 162 2714 in
185 2672 220 2714 re
244 2660 280 2712 ut
303 2647 430 2712 chartae
453 2668 582 2735 parcam
594 2696 603 2725 ,
628 2646 784 2711 rationem
808 2645 931 2710 nullam
950 2643 1074 2711 habebo
1087 2643 1320 2714 discriminisin

131 2767 375 2858 orthographia,
402 2767 646 2856 adspirationem
669 2765 760 2844 dico,
787 2789 804 2830 e
827 2788 901 2831 cum
925 2788 987 2845 ne,
1013 2789 1036 2829 n
1056 2788 1130 2831 cum
1149 2790 1187 2846 o,
1209 2792 1227 2832 c
1247 2792 1323 2841 cum

120 2901 147 2955 .t
169 2890 359 2981 permixtas,
381 2888 559 2977 simplicem
577 2913 608 2978 p
630 2888 664 2953 in
688 2897 867 2978 oportere,
892 2888 1052 2978 apellare
1064 2899 1245 2954 constanter
1263 2888 1321 2954 ob·

132 3014 229 3090 viarm
263 3033 323 3076 nec
346 3010 561 3098 interpunctio
584 3033 636 3074 mc
658 3008 938 3087 morabitur,·nec
961 3031 1081 3074 errores
1104 3008 1138 3073 iu
1161 3009 1323 3075 vocabulis

135 3132 262 3200 Graecis
295 3130 407 3196 Latine
443 3131 564 3220 scriptis
600 3142 654 3195 aut
688 3153 746 3219 per
784 3131 902 3195 litteras
933 3130 1119 3208 Romanas,
1147 3152 1209 3219 qua
1232 3131 1265 3196 in
1289 3154 1323 3198 re

135 3254 236 3321 Maius
258 3253 537 3322 inconstantiorem
561 3275 593 3317 se
615 3251 782 3340 praestitit.
