2888 5144
126 300 189 362 154
555 308 584 353 c.
613 308 723 354 tumus
747 308 878 356 rrcron.

171 483 242 550 Una
275 477 415 545 litterula
445 479 558 543 omissa
588 479 685 567 paulo
714 492 784 568 post
807 503 837 545 v.
864 483 928 559 29,
958 481 1147 548 sententiam
1170 501 1318 569 pessum-

125 602 232 669 dedit:
293 624 315 664 tt
325 600 430 665 Potest
470 621 701 687 nonnunquam
742 612 812 689 post
846 600 1059 666 narrationem
1094 601 1321 690 prohoemium

125 725 212 816 poni.
262 721 297 788 si
320 722 406 787 enim
429 732 476 787 est
500 719 584 809 quod
607 718 692 809 apud
716 720 927 809 suspicionem
949 720 1091 786 iudicum
1115 743 1229 789 causae
1245 723 1321 788 offi-

128 845 209 924 ciat,
241 843 303 933 ipsi
336 853 443 908 autem
477 840 702 930 expositionem
733 840 852 928 negotii
882 841 987 906 statim
1019 839 1198 907 desiderent
1209 890 1219 922 ‚
1244 865 1322 933 pos-

127 988 235 1033 sumus
266 963 394 1052 utrique
422 962 467 1027 rei
499 961 696 1040 satisfacere,
728 973 762 1026 ut
785 962 951 1051 explanata
974 963 1062 1027 omni
1085 965 1322 1044 controversia,

129 1085 244 1175 quibus
274 1081 467 1149 medendum
491 1094 557 1161 est,
582 1081 749 1146 leniamus.
797 1081 905 1148 desi
928 1081 966 1147 ad
989 1082 1191 1172 probationes
1214 1096 1323 1151 trans·

130 1229 258 1285 eamus,
292 1203 376 1293 quod
408 1225 506 1293 genus
536 1201 649 1267 Graeci
677 1202 789 1283 asprata
818 1202 1002 1292 prohoemia
1034 1203 1235 1294 appellant.»
1283 1205 1325 1273 lu

131 1326 241 1394 codice
267 1338 314 1392 est
338 1328 410 1403 sic,
441 1346 503 1412 qua
524 1322 661 1389 lectione
684 1336 812 1413 recepta
837 1325 908 1413 quis
931 1346 996 1390 non
1018 1325 1104 1391 videt
1126 1348 1227 1391 unam
1250 1350 1326 1393 sen·

129 1449 260 1515 tentiam
284 1445 367 1512 male
392 1443 576 1510 dissectam:
604 1455 689 1522 «ut,
711 1443 826 1531 quibus
847 1443 1040 1510 medendum
1055 1457 1122 1523 est,
1142 1445 1323 1527 leniamus,

130 1593 173 1650 oc
208 1572 260 1633 sic
296 1565 334 1631 ad
367 1564 568 1654 probationes
598 1576 814 1644 transeamus,
839 1578 928 1631 cet.»
967 1564 1060 1661 Beue
1076 1564 1254 1631 tenendum
1277 1579 1327 1634 est

132 1703 238 1771 autem
269 1688 389 1753 Maium
421 1687 490 1751 iure
521 1708 577 1750 suo
604 1685 775 1752 sententias
802 1684 997 1764 distinxisse,
1020 1709 1083 1774 quo
1103 1686 1234 1754 nomine
1258 1711 1326 1753 non

131 1811 251 1899 ubique
284 1831 377 1872 omne
408 1819 565 1896 punctum
592 1804 700 1871 tulisse
723 1805 804 1871 mihi
827 1805 971 1885 ridetur,
997 1819 1138 1872 attamen
1160 1808 1195 1873 iu
1217 1802 1327 1875 minoss

133 1931 220 1996 ribus
243 1929 309 1995 istis
333 1951 420 1994 nunc
442 1927 574 1993 haerere
596 1949 662 1992 uon
685 1940 787 1992 vacat.

137 2112 142 2120 .
179 2051 256 2140 Pag:
284 2054 349 2115 243
373 2072 402 2114 r.
431 2052 492 2113 41:
543 2047 665 2114 «Licet
687 2046 877 2137 principales
897 2049 1095 2136 quaestiones
1113 2048 1147 2114 iu
1165 2050 1328 2140 principio

133 2193 358 2261 praecerpere,
385 2168 544 2258 quomodo
574 2191 631 2257 pro
660 2167 775 2233 Flacco
799 2180 831 2233 et
846 2191 917 2258 pro
942 2168 1073 2234 Fonteio
1098 2169 1225 2235 Marcus
1248 2171 1330 2237 Tul-

135 2293 213 2359 lius:
241 2290 330 2358 Nihil
353 2290 403 2379 agi
426 2289 482 2354 illo
503 2289 641 2368 iudicio,
666 2289 727 2354 nisi
746 2301 782 2354 ut
801 2290 1000 2378 magistratus
1018 2290 1052 2355 iu
1071 2291 1242 2379 provinciis
1261 2314 1330 2358 non

137 2413 273 2479 audeant
307 2412 461 2501 imperare
496 2411 603 2488 sociis,
641 2408 725 2498 quod
757 2432 793 2475 ex
824 2432 884 2474 usu
914 2411 960 2476 rei
989 2410 1136 2500 publicae
1167 2414 1247 2478 sit.»
1290 2413 1331 2479 ln

77 2554 81 2563 “
137 2536 245 2602 codice
278 2556 343 2599 non
370 2544 469 2598 exstat
500 2531 597 2597 altera
627 2531 817 2621 praepositio
842 2554 913 2622 pro
924 2581 933 2611 ,
965 2530 1052 2596 unde
1083 2532 1162 2597 mihi
1190 2534 1331 2623 suspicio

137 2670 211 2723 nata
244 2667 290 2722 est
322 2653 420 2718 latere
451 2651 696 2741 dittographiam
725 2652 760 2717 in
793 2651 922 2718 Flacco
953 2665 985 2718 et
1015 2652 1153 2733 Fiter'o,
1184 2654 1270 2743 quod
1295 2657 1332 2721 iu

138 2778 291 2866 scriptura
320 2772 560 2862 Langobardica
582 2771 675 2836 facile
703 2771 874 2837 admodum
900 2774 1026 2839 misceri
1052 2786 1168 2863 potest,
1203 2776 1331 2842 accedit

140 2896 224 2987 quod
248 2897 280 2960 in
304 2895 446 2959 oratione
468 2914 526 2982 pro
550 2891 666 2957 Flacco
688 2891 767 2956 haee
791 2894 932 2981 quaestio
955 2917 1020 2959 non
1043 2895 1234 2964 inveniatur.

185 3017 276 3083 Iuvat
298 3015 404 3079 locum
427 3012 537 3078 vitiose
560 3011 681 3077 editum
703 3012 868 3077 restituere
882 3012 964 3079 duce
983 3013 1112 3079 librario
1133 3014 1210 3106 Gap.
1233 3017 1313 3085 XVI
1320 3069 1333 3100 ‚.

140 3160 214 3228 pag.
241 3139 306 3200 246
330 3158 358 3199 r.
383 3136 444 3197 16:
495 3130 609 3197 «Sunt
632 3154 763 3211 causae,
797 3154 878 3221 quae
896 3136 1110 3201 narrationem
1128 3134 1247 3204 habere
1264 3163 1333 3206 nou

140 3268 290 3348 possunt,
317 3265 351 3318 ut
375 3254 401 3318 si
423 3253 506 3318 inter
530 3251 608 3318 duos
630 3252 670 3318 de
692 3252 864 3319 sacerdotio
890 3268 1077 3343 quaeratur,
1103 3270 1174 3324 uter
1197 3261 1237 3326 sit
1260 3259 1333 3351 dig·

143 3379 227 3457 nior3
253 3378 287 3441 in
311 3397 374 3464 quo
398 3397 454 3439 nos
477 3372 545 3438 falli
569 3396 632 3438 nou
657 3387 803 3464 oportet,
834 3398 933 3464 quum
957 3376 995 3442 de
1019 3377 1183 3445 nobilitate
1207 3382 1334 3471 generis

144 3513 199 3565 aut
233 3497 273 3564 de
305 3494 425 3561 meritis
452 3493 641 3583 disputatur.
692 3495 732 3560 V
730 3519 825 3560 erum
859 3497 945 3562 enim
979 3496 1039 3564 hae
1070 3521 1135 3564 non
1163 3523 1334 3569 causarum

145 3619 359 3703 narrationes,
393 3615 446 3680 sed
479 3617 698 3704 quaestionum
727 3617 855 3681 illarum
878 3619 1152 3708 praeparationes,
1177 3635 1250 3689 uter
1272 3646 1333 3690 no-

144 3743 254 3820 bilior,
286 3750 357 3803 uter
385 3736 498 3803 melior
525 3737 662 3816 meritis,
689 3749 761 3803 uter
782 3739 1024 3828 praestantior.»
1071 3741 1172 3807 Nemo
1196 3766 1263 3809 non
1285 3745 1334 3811 ri·

146 3863 199 3928 det
235 3858 404 3926 desiderari
435 3856 586 3936 verbum,
621 3869 653 3922 et
682 3858 774 3923 nihili
803 3883 869 3925 esse
905 3859 989 3947 quod
1018 3884 1104 3928 nunc
1135 3863 1265 3953 legitur;
1299 3867 1333 3932 in

104 4048 107 4053 ,
146 3981 254 4047 codice
285 3991 332 4046 est
362 3956 437 4056 Ei,
462 4000 525 4067 quo
547 3999 664 4040 oerum
686 3977 834 4042 librarius
856 4000 1031 4067 numquam
1055 3982 1263 4071 significavit,
1288 3997 1334 4051 est

147 4101 279 4167 verbum
311 4101 454 4177 Erunt;
484 4121 579 4188 porro
610 4099 713 4163 notari
734 4111 837 4187 potest
859 4101 992 4166 varietas
1014 4102 1279 4192 interpunctionis
1301 4107 1334 4172 in

149 4222 277 4301 codice,
300 4220 357 4286 ubi
375 4233 437 4287 est:
465 4244 486 4283 t<
499 4232 570 4286 uter
592 4220 723 4299 melior,
747 4221 867 4286 meritis
890 4234 962 4287 uter
983 4225 1230 4312 praestantior.»
1254 4243 1256 4247 ·

196 4341 287 4428 Quod
314 4341 438 4429 signum
465 4338 542 4430 Gap.
568 4340 680 4419 XVII,
704 4363 777 4430 pag.
804 4345 869 4408 248
891 4366 921 4408 r.
946 4347 986 4408 21
1006 4344 1108 4410 editor
1131 4348 1254 4436 accepit
1275 4370 1333 4438 pro

151 4489 191 4543 a,
212 4474 259 4529 est
278 4460 459 4526 terminatio
481 4484 545 4524 us:
580 4463 682 4546 «Quo
706 4461 776 4527 loco
788 4461 900 4529 iudicis
913 4486 1040 4554 quoque
1052 4467 1210 4532 noscenda
1222 4481 1335 4535 natura

151 4597 214 4663 est,
233 4583 294 4648 iuri
310 4579 409 4667 magis
422 4602 460 4643 an
475 4603 575 4669 aequo
589 4582 627 4646 sit
640 4588 845 4672 apposita.»
867 4585 1026 4652 Librarius
1037 4587 1125 4654 dedit
1136 4594 1332 4680 appositus.
