2888 5144
163 300 204 361 26
539 314 658 362 crosno
682 314 725 360 ns
749 313 791 360 as
816 312 971 360 scauros.

160 481 238 548 vidit
272 481 357 571 quod
385 483 503 549 librum
534 485 671 552 intuenti
703 482 887 574 apparebit,
918 480 1041 548 adhoc
1064 483 1168 571 ipsum
1191 482 1353 571 pertinere

161 600 312 670 Codicem
345 604 584 695 palimpsestum
619 603 658 670 de
693 603 741 670 Re
775 603 931 684 Publica,
959 604 1020 699 cui
1050 603 1157 669 locum
1193 602 1219 667 si
1251 602 1352 669 Musis

159 724 283 814 placet,
318 726 497 816 principem
524 726 608 790 inter
640 723 808 814 quadratas
838 738 870 791 et
900 724 1148 790 maiuscularum
1179 723 1352 814 scripturas

159 846 315 935 assignati
363 845 463 911 Maius
484 846 641 936 perspexit
661 844 803 934 aliquid,
829 868 925 934 quem
948 868 1012 911 non
1035 845 1159 935 fugerat
1182 844 1300 911 littera:
1325 867 1350 910 u

160 965 257 1033 semel
298 964 519 1032 tantummodo
561 965 625 1037 sic:
670 984 690 1029 v
732 966 848 1054 scripta
889 967 924 1031 in
958 978 1024 1032 toto
1060 966 1183 1045 codice;
1219 978 1252 1031 at
1285 966 1349 1030 hoc

159 1086 281 1152 obtinet
304 1086 411 1151 locum
434 1086 467 1150 in
492 1085 608 1151 rustico
633 1108 767 1175 genere,
793 1109 853 1152 nec
875 1087 1012 1167 mirum,
1034 1110 1108 1152 narn
1125 1086 1199 1151 libri
1218 1085 1251 1152 ΙΙ
1269 1086 1350 1151 titu-

158 1208 207 1274 lus
227 1208 261 1272 in
281 1229 345 1295 quo
368 1207 506 1272 occurrit
529 1207 691 1296 exceptio,
717 1206 762 1272 sic
785 1220 928 1274 exaratus
951 1221 1017 1286 est,
1042 1220 1079 1273 ut
1101 1207 1350 1296 distingueretur

159 1328 199 1394 ab
231 1328 370 1408 unciali,
404 1351 485 1417 quae
516 1327 627 1394 solam:
663 1350 685 1393 u
718 1329 870 1418 agnoscit.
920 1326 1076 1396 Convenit
1106 1341 1213 1397 antem
1235 1326 1297 1394 hoc
1316 1339 1351 1394 et

158 1461 261 1517 cetera
293 1471 375 1539 quae
406 1446 552 1514 dicebam
582 1447 700 1514 indicia
730 1448 854 1538 singula
884 1449 918 1514 in
950 1449 1097 1515 Tulliano
1121 1448 1230 1515 codice
1255 1447 1347 1514 obvia

158 1593 232 1637 oum
263 1592 378 1660 genere
404 1568 479 1648 illo,
506 1567 592 1657 quod
615 1568 740 1634 saeculo
765 1581 871 1648 serto,
897 1569 1030 1660 septimo
1055 1582 1150 1658 atque
1178 1582 1289 1636 octauo
1313 1570 1347 1635 in

157 1715 218 1758 nsu
246 1691 341 1756 fuisse
373 1701 516 1779 apparet.
564 1688 633 1754 Iam
668 1687 788 1756 0sanni
816 1691 998 1756 coniectura
1020 1690 1060 1756 de
1085 1703 1197 1780 quarto
1221 1690 1347 1757 saeculo

157 1814 249 1881 certis
277 1809 548 1901 palaeographicis
578 1812 771 1900 argumentis
799 1811 890 1878 cadat
920 1835 1048 1879 necesse
1071 1824 1138 1891 est,
1163 1824 1195 1877 ct
1217 1834 1347 1901 promo-

156 1946 267 2002 veatur
311 1933 411 1998 nostri
450 1931 568 2010 codicis
607 1945 692 1998 aetas
723 1931 763 1998 ed
795 1934 943 2022 quintum
975 1947 1155 2013 sertumre,
1187 1945 1224 1998 nt
1253 1931 1347 1998 facile

157 2052 366 2121 demonstrari
389 2063 504 2142 potest.

202 2173 479 2264 Simplicissimum
505 2173 539 2238 in
569 2172 701 2239 modum
732 2197 789 2263 per
820 2186 957 2240 suasmet
979 2175 1061 2264 ipsas
1084 2175 1208 2240 tabulas
1232 2173 1345 2242 Silves-

156 2311 238 2364 trem
259 2298 292 2362 iu
316 2297 399 2364 riam
422 2294 574 2363 reducere
596 2318 738 2385 possem,
767 2295 943 2386 ablegando
967 2296 1120 2363 lectorem
1143 2294 1182 2361 ad
1209 2298 1248 2361 17
1274 2319 1345 2386 spe·

157 2419 274 2486 cimina
307 2418 393 2483 illius
427 2429 523 2506 atque
558 2414 804 2506 Ghampollionis
840 2430 1038 2506 argumenta3
1077 2415 1131 2482 sed
1160 2415 1250 2482 lubet
1280 2415 1345 2480 iam

152 2537 248 2636 plura
278 2538 343 2605 imo
367 2538 501 2604 certiora
525 2537 653 2616 afferre,
678 2537 764 2626 quod
786 2550 924 2628 praestat
947 2539 980 2604 in
1004 2562 1038 2604 re
1061 2559 1159 2627 vaga,
1183 2536 1265 2603 sicut
1288 2559 1346 2626 pa·

155 2658 357 2749 laeographia
382 2658 466 2749 apud
491 2657 644 2748 quosdam
665 2657 772 2738 audit,
792 2681 852 2724 nac
871 2658 998 2724 iniuria.
1047 2655 1209 2754 Habemus
1229 2679 1344 2746 nempe

157 2780 299 2869 quinque
322 2778 372 2845 rel
395 2801 447 2844 sex
470 2778 645 2866 scripturae
669 2778 801 2843 uncialis
824 2778 986 2867 exempla,
1012 2777 1051 2843 de
1075 2799 1212 2867 quorum
1240 2789 1343 2843 aetate

156 2911 293 2980 constat3
314 2911 362 2966 est
381 2900 440 2966 Ex.
461 2904 482 2965 3
502 2899 535 2963 in
556 2897 623 2964 tab.
646 2917 709 2965 t’111
728 2898 812 2989 apud
831 2899 982 2965 Mabillon
993 2949 1003 2980 ,
1023 2898 1129 2965 Codex
1148 2898 1345 2988 Regularum

155 3016 352 3087 Corbciensis
383 3019 440 3087 ΝΟ.
475 3023 562 3099 630,
595 3031 738 3087 exaratus
768 3020 852 3086 inter
880 3022 943 3086 701
978 3033 1010 3087 et
1034 3024 1121 3099 703,
1151 3032 1186 3085 ut
1210 3019 1344 3085 demon·

154 3154 234 3209 strat
263 3140 426 3208 Pontifiois
458 3139 588 3208 Maximi
615 3140 766 3206 Iohannis
793 3140 839 3206 vl
861 3142 1003 3221 notatio,
1028 3141 1118 3230 atqui
1140 3141 1280 3230 pertinet
1304 3139 1344 3206 ad

155 3285 248 3330 usum
280 3263 382 3353 qualis
404 3262 472 3352 ipso
495 3261 612 3328 saeculi
635 3262 761 3352 septimi
783 3262 848 3328 fine
871 3263 1016 3352 vigebat,
1040 3285 1137 3353 quam
1157 3284 1232 3351 ergo
1256 3273 1344 3328 aeta·

154 3398 219 3452 tem
240 3382 350 3451 Orosio
369 3383 583 3450 Laurentiano
601 3383 716 3450 lubens
735 3383 875 3473 assigno,
898 3384 982 3475 quod
1004 3384 1079 3450 alias
1099 3381 1342 3460 demonstrabo,

153 3505 275 3598 publici
304 3504 381 3570 iuris
407 3504 550 3571 facturus
572 3505 689 3594 egregii
713 3505 787 3570 libri
811 3505 1012 3571 collationem
1035 3504 1220 3582 meliorem,
1246 3524 1343 3592 quam

154 3627 231 3693 olim
254 3625 483 3716 Harercampio
508 3625 653 3692 submisit
676 3625 889 3694 bibliothecae
900 3627 985 3692 illius
997 3626 1186 3716 praefectus.
1248 3622 1342 3689 Anno

153 3752 219 3815 625
249 3747 382 3838 scriptus
412 3759 459 3814 est
490 3746 661 3836 Augustini
693 3746 922 3812 Bellovacensis
952 3746 986 3811 in
1011 3745 1167 3835 Epistolas
1191 3743 1342 3811 Iohannis

153 3868 237 3960 apud
261 3866 398 3960 eundem
422 3868 480 3934 Ex.
508 3872 539 3934 2.
565 3867 633 3934 tab.
659 3866 746 3934 laud.
759 3917 768 3947 ,
793 3868 827 3932 in
851 3890 914 3956 quo
938 3879 1110 3957 apparent:
1138 3889 1177 3945 a,
1202 3864 1223 3929 b
1247 3864 1343 3931 simul

153 4012 227 4057 cum
257 4009 299 4068 u,
331 4011 369 4068 c,
401 3987 421 4053 d
451 4010 524 4054 eum
549 3987 647 4054 altera
670 3987 852 4054 rotundiore
876 3987 915 4066 ὸ,
940 4010 978 4066 e,
1003 3986 1044 4068 h,
1069 4011 1111 4077 p,
1138 4010 1159 4076 q
1182 3998 1262 4065 cet.;
1288 3985 1342 4051 cui

152 4112 219 4177 fere
256 4109 389 4198 aeanale
425 4122 471 4176 est
507 4107 542 4176 S.
575 4107 765 4199 salabergae
794 4107 1013 4175 Laudunensis
1043 4107 1230 4175 Psalterium
1266 4106 1342 4171 anni

153 4233 240 4308 655,
271 4227 389 4296 ibidem
421 4230 480 4296 Ex.
519 4231 533 4294 l
560 4228 626 4296 tab.
655 4228 765 4309 laud,
790 4229 824 4294 in
848 4252 911 4319 quo
934 4241 1059 4319 praeter
1082 4228 1159 4293 alias
1184 4228 1339 4307 cursitas,

152 4372 288 4440 quarum
325 4351 485 4440 specimen
513 4350 567 4417 hio
595 4349 664 4418 dari
694 4351 826 4442 nequit,
857 4351 983 4418 littera:
1016 4373 1049 4416 m
1080 4349 1125 4414 sic
1160 4348 1338 4439 reperitur,

152 4472 248 4551 aliae,
273 4471 390 4560 quibus
412 4472 505 4540 facile
526 4473 676 4540 transitus
699 4472 788 4539 litad
806 4470 1116 4562 Anglo-Saxonioam
1134 4469 1336 4559 scripturam.

152 4592 304 4682 Sequitur
343 4593 459 4674 codex,
503 4595 536 4660 in
569 4617 631 4682 quo
668 4595 794 4684 Fragm.
834 4592 967 4681 Apolog.
1007 4589 1149 4679 Gregorii
1185 4589 1335 4657 Nazianz.
