2888 5144
133 309 199 369 208
514 317 691 364 rrruaarus
715 317 927 365 rarorrarus.

62 467 65 473 Ι
130 491 228 562 etiarn
252 488 369 554 alienos
392 488 519 553 iuvenes
542 510 598 577 pro
622 488 684 552 auis
707 484 885 566 habebant,
911 487 1015 553 obvios
1038 488 1314 578 prosequebantur

132 610 171 675 ad
206 611 345 689 curiam,
391 609 624 697 manebantque
658 609 691 673 in
726 608 940 675 observatione
976 609 1076 675 donec
1110 609 1314 674 redirent.»

132 730 225 798 Dedit
259 732 344 797 enim
378 730 523 795 librarius
557 729 780 808 reducerent,
818 729 902 820 quod
934 731 1065 796 verbum
1092 731 1223 796 omnino
1246 752 1313 795 non

129 852 260 918 missum
290 852 388 930 facio,
421 852 446 916 si
478 849 605 940 quidem
635 873 672 915 ex
703 848 828 916 Valerio
859 851 911 929 11,
948 856 961 916 l
989 849 1013 940 S
1039 855 1078 916 9:
1107 850 1237 916 «donee
1262 873 1313 917 re-

128 971 267 1038 ducendi
308 971 403 1037 etiam
445 970 548 1036 officio
589 970 824 1059 fungerentur»
866 985 1060 1060 excerptum3
1105 971 1218 1060 quidni
1260 973 1314 1036 in-

108 1112 267 1160 seramus
289 1114 462 1181 pronomen
498 1091 760 1178 «manebantque
793 1092 827 1156 in
864 1092 1081 1180 observatione
1115 1092 1217 1159 donec
1254 1115 1314 1157 eos

128 1213 356 1290 reducerent.»
389 1233 463 1276 nam
497 1212 598 1276 forma
631 1211 752 1301 passiva
786 1211 917 1278 «donec
949 1213 1214 1280 reducerentur»
1246 1235 1313 1279 non

127 1333 241 1424 placet.

172 1455 287 1521 Forma
317 1441 446 1543 simplex
476 1453 591 1542 legitur
621 1451 645 1542 S
679 1457 739 1519 22:
791 1454 905 1520 «Fici
937 1455 1050 1521 virtute
1082 1455 1218 1521 Romani
1242 1455 1312 1521 sine

127 1575 259 1641 artificio
290 1574 520 1640 dimicabant.»
566 1574 686 1639 Maium
717 1575 818 1640 forma
849 1577 987 1641 ornatior
1014 1576 1137 1642 litterae
1161 1575 1199 1642 F
1216 1576 1311 1643 fefel-

126 1695 182 1775 lit,
208 1696 295 1784 atqui
318 1696 401 1761 male
425 1695 547 1785 scripsit
575 1692 717 1782 Corsici.

170 1816 251 1882 Item
295 1816 475 1880 coniunctio
516 1814 692 1904 Nepotiano
736 1815 894 1882 reddenda
927 1828 973 1882 est
1009 1815 1086 1906 Cap.
1125 1820 1162 1881 11
1202 1815 1226 1906 S
1265 1822 1303 1882 7:

126 1933 340 2001 «Saeculares
359 1934 426 2000 ludi
449 1934 598 2000 celebrati
621 1947 693 1999 sunt
717 1935 800 2024 apud
824 1959 894 2001 eam
918 1959 1021 2015 aram,
1048 1960 1143 2026 quam
1166 1936 1309 2004 Valesius

126 2055 306 2133 invenerat,
340 2053 378 2118 ad
407 2076 503 2142 quam
527 2062 561 2117 et
583 2054 680 2142 nigris
699 2053 810 2120 hostiis
833 2056 1075 2136 immolabatur,
1099 2070 1131 2124 et
1154 2057 1307 2124 lectister-

126 2177 179 2242 nia
202 2176 439 2254 excitabantur,
464 2187 496 2240 et
518 2175 680 2240 nocturnis
704 2174 785 2240 ludis
809 2176 887 2242 festa
910 2179 1122 2267 agebantur.»

171 2297 283 2386 Neque
318 2291 492 2386 spernenda
526 2307 572 2361 est
605 2295 738 2374 lineola,
774 2319 837 2384 qua
871 2298 1015 2386 neglecta
1049 2298 1150 2363 Maius
1186 2299 1308 2389 scripsit

127 2416 204 2508 Cap.
246 2423 285 2484 13
321 2415 345 2505 S
383 2420 421 2481 1:
472 2415 561 2482 «Cn.
598 2416 723 2481 Florius
758 2417 859 2481 scriba
890 2418 1040 2483 formulas
1076 2441 1176 2483 sacras
1207 2419 1309 2484 rer-bis

126 2539 323 2629 aptioribus
343 2536 535 2627 expedivit.»
574 2536 734 2602 Librarius
762 2538 847 2602 enim
870 2537 955 2603 dedit
979 2539 1195 2619 siccioribus,
1224 2551 1256 2606 et
1275 2541 1309 2604 ni

124 2659 217 2724 fallor
252 2659 488 2750 apertioribus
523 2669 607 2723 recte
643 2657 808 2746 respondet
843 2658 889 2736 ei,
924 2658 1008 2746 quod
1044 2636 1171 2725 Flavini
1200 2661 1310 2727 fecisse

125 2779 225 2844 fertur
248 2779 429 2844 «formulas
448 2779 481 2842 in
504 2776 649 2843 notitiam
672 2778 781 2867 populi
803 2778 1016 2867 publicasse.»

170 2899 323 2965 Confusus
354 2923 418 2965 esse
448 2897 613 2964 ridebatur
644 2897 757 2962 editori
784 2898 879 2977 ordo,
912 2922 974 2987 quo
1003 2898 1118 2990 Capitis
1148 2904 1188 2967 15
1223 2901 1309 2967 exhi·

125 3021 242 3087 bantur
263 3019 471 3110 paragraphi,
497 3041 571 3083 nam
594 3017 689 3083 rerba
713 3015 903 3106 «Capillum
923 3020 1055 3085 rutilum
1073 3021 1131 3085 sibi
1152 3035 1310 3088 ceromate

126 3141 328 3219 faciebant»
352 3139 498 3228 Spartani
522 3160 657 3226 nempe,
681 3137 831 3226 leguntur
853 3138 887 3203 in
911 3139 1018 3206 codice
1040 3153 1110 3230 post
1136 3139 1160 3228 S
1188 3147 1250 3222 16,
1275 3144 1308 3208 in

120 3265 190 3350 'qua
225 3284 323 3348 quum
359 3259 398 3325 de
430 3258 671 3324 Massiliensium
707 3258 846 3324 moribus
877 3282 977 3325 sermo
1009 3261 1084 3339 fiat,
1120 3261 1223 3328 Maius
1252 3265 1309 3329 ista

129 3381 288 3447 subiunxit
313 3378 335 3468 S
361 3383 395 3460 63
432 3392 463 3445 at
485 3378 571 3444 haud
594 3380 657 3446 scio
681 3402 721 3443 an
745 3392 830 3445 reete
849 3379 978 3459 feeerit,
1001 3389 1074 3446 nam
1095 3378 1187 3448 suum
1203 3372 1310 3450 locum

59 3501 61 3504 ’
128 3515 220 3590 recte
236 3514 365 3592 possunt
388 3500 529 3566 obtinere
551 3513 621 3590 post
645 3504 662 3586 S
690 3504 730 3565 16
757 3513 829 3566 ante
852 3513 1036 3590 sequentem
1056 3504 1308 3593 paragraphum,

25 3698 30 3707 Δ
129 3646 147 3687 a
178 3646 239 3711 qua
270 3621 525 3711 interpunctione
556 3620 665 3685 saltem
688 3643 752 3685 non
777 3621 975 3700 dividuntur,
1001 3623 1090 3709 atqui
1118 3624 1162 3688 sic
1185 3624 1310 3714 legatur

127 3743 180 3809 bic
208 3743 295 3807 locus
327 3739 351 3829 S
388 3746 448 3807 17:
476 3739 663 3829 «Capillum
686 3741 819 3806 rutilum
842 3741 900 3806 sibi
924 3755 1081 3808 ceromate
1103 3743 1310 3834 faciebant[.]

130 3862 294 3953 Spartani,
319 3861 475 3926 docebant
498 3861 593 3926 etiarn
617 3861 697 3925 filios
720 3860 855 3927 furari.»

175 3982 339 4048 Ridiculus
363 4004 448 4046 error
472 3979 496 4070 S
521 3985 541 4046 8
565 3981 728 4070 inquinat,
752 3981 836 4071 quod
856 3981 957 4047 Maius
976 3984 1061 4049 enim
1081 3986 1125 4050 sic
1144 3985 1304 4054 exhibuit:

130 4103 207 4169 «Ut
226 4072 468 4168 Lacedaemonii
487 4101 674 4167 militaribus
690 4101 880 4191 disciplinis,
901 4104 944 4168 ita
959 4103 1164 4172 Athenienses
1175 4113 1309 4175 cunctis

131 4222 241 4289 officiis
281 4223 421 4312 impense
441 4234 443 4239 “
463 4221 631 4288 studebant
642 4246 676 4300 ,»
712 4234 809 4288 exstat
842 4224 875 4288 in
911 4225 1036 4291 codice:
1071 4231 1209 4311 caucis,
1246 4230 1309 4296 iam

103 4385 110 4389 >=
130 4347 225 4435 longa
247 4342 456 4432 disputatione
479 4367 556 4433 opus
579 4366 643 4408 non
667 4344 725 4410 erit
737 4394 746 4423 ,
772 4367 834 4432 qua
857 4346 1000 4411 arincam
1022 4348 1210 4414 militaribus
1229 4374 1308 4439 quae

131 4477 349 4558 opponuntur,
370 4466 481 4529 civico
503 4487 632 4554 nempe,
657 4464 809 4532 hocloco
836 4490 902 4532 esse
924 4468 1070 4557 legenda;
1096 4469 1128 4534 id
1152 4472 1237 4559 quod
1261 4495 1311 4538 se-

129 4590 241 4676 quitur
264 4588 325 4654 «in
348 4584 415 4650 foro
439 4584 569 4652 dicere»
593 4585 712 4652 Maium
735 4588 869 4654 retinere
892 4602 1082 4677 oportuerat.
