2888 5144
338 1407 660 1526 IANUARH
709 1405 1064 1524 ΝΕΡΟΤΙΑΝΙ

288 1677 547 1754 ΕΡΙΤΟΜΑ
593 1676 839 1751 vinduil
888 1676 1124 1752 MAXIMI.

612 1994 804 2020 ..mu-.-

166 2240 312 2328 Eundem
335 2261 477 2327 ordinem
500 2274 661 2340 tenentes,
688 2284 750 2350 quo
768 2262 919 2353 Maiuslin
935 2274 1020 2327 tomo
1040 2262 1089 2327 111
1102 2261 1300 2353 Scriptorum

127 2381 271 2449 Veterum
325 2381 432 2448 Novae
475 2379 675 2449 (lollectionis
717 2381 815 2447 edidit
845 2404 940 2447 noros
975 2395 1135 2463 auctores,
1172 2386 1227 2474 qui
1261 2409 1299 2451 ex

125 2503 319 2570 classicorum
350 2504 495 2593 operibus
530 2526 584 2568 sua
620 2502 910 2581 conscribillarunt,
935 2505 1133 2593 pervenimus
1157 2505 1195 2570 ad
1219 2506 1301 2572 alte-

125 2648 190 2691 rum
224 2626 325 2715 operis
359 2623 476 2691 Valerii
510 2624 639 2692 Maximi
673 2623 939 2703 abbreviatorem,
972 2624 1154 2690 Ianuarium
1192 2626 1298 2715 Nepo-

124 2747 241 2812 tianum
280 2746 362 2812 dico.
411 2744 550 2834 Angelus
585 2744 685 2810 Maius
708 2744 852 2811 libellum
875 2744 967 2809 buius
992 2746 1203 2835 epitomatoris
1226 2770 1299 2812 mu·

125 2868 213 2933 tilum
242 2867 393 2958 protraxit
426 2863 522 2953 (Coll.
554 2864 640 2930 laud.
674 2878 740 2931 tom
763 2865 812 2931 ΙΙΙ
835 2889 906 2955 pars
930 2871 950 2931 3
970 2889 1044 2955 pag.
1069 2868 1238 2956 93-115)
1264 2891 1300 2933 er

126 2989 229 3055 codice
249 2987 413 3053 ellaticano
445 2985 502 3053 N⁰.
533 2988 640 3064 1321,
671 2988 726 3076 qui
748 2986 841 3076 longe
864 2985 995 3052 discedit
1018 3009 1036 3050 a
1059 2986 1178 3053 Paridis
1201 2988 1296 3067 libro;

126 3123 167 3176 est
190 3111 277 3176 enim
301 3131 409 3174 recens
433 3119 464 3174 et
487 3108 755 3197 corruptissimus,
779 3109 824 3174 ita
848 3120 883 3173 ut
907 3108 946 3172 ad
963 3106 1080 3175 Valerii
1099 3131 1176 3198 opus
1193 3132 1303 3175 emen-

125 3229 261 3296 dandum
284 3231 334 3295 vix
357 3229 504 3295 inserviat
526 3240 650 3318 praeter
672 3228 799 3293 lacunas
820 3230 853 3294 in
865 3228 945 3293 libro
957 3231 1079 3318 primo,
1104 3230 1207 3318 quibis
1226 3231 1302 3296 locis

124 3349 262 3441 longiora
285 3338 414 3440 praeb'ct
438 3349 654 3438 supplementa
679 3371 775 3436 quam
798 3348 876 3413 alter
898 3348 971 3427 ille,
997 3352 1052 3439 qui
1070 3351 1188 3416 Valerii
1207 3352 1302 3417 rerba

124 3470 154 3537 in
187 3471 313 3537 brevius
344 3469 517 3547 contraxit,
549 3467 627 3532 dum
654 3467 706 3533 bic
737 3466 807 3533 stilo
839 3468 983 3535 uberiore
1014 3470 1127 3549 utitur;
1163 3483 1302 3536 attamen

126 3592 269 3681 equidem
299 3589 372 3656 inde
395 3590 444 3654 rix
472 3587 654 3654 deduxerim
677 3589 741 3653 fere
764 3587 909 3653 inlibatas
932 3589 1005 3655 istas
1028 3591 1238 3680 paragraphos
1262 3592 1302 3655 ab

127 3733 159 3778 co
183 3736 249 3779 esse
262 3722 447 3800 excerptas,
472 3722 507 3774 ut
530 3709 675 3799 Kempfio
699 3707 840 3788 ridetur,
865 3731 941 3773 nam
963 3709 1002 3776 dc
1025 3733 1080 3775 suo
1101 3711 1193 3800 plura
1213 3711 1303 3776 addi-

127 3831 169 3898 dit
209 3844 334 3910 noster,
377 3855 434 3920 per
475 3829 689 3919 metaphrasin
723 3827 784 3892 alia
816 3828 955 3894 inserens
988 3841 1020 3894 et
1055 3833 1303 3918 «praetermissa

127 3965 313 4019 connectens
325 3976 359 4032 ,>›
383 3964 419 4016 ut
442 3951 506 4039 ipse
527 3950 653 4014 fatetur.

167 4074 300 4163 Propter
330 4072 458 4138 lacunas
486 4070 643 4160 suppletas
674 4092 738 4134 non
764 4069 955 4158 spernendus
975 4083 1021 4136 est
1043 4071 1136 4152 liber;
1160 4073 1301 4153 accedit,

127 4206 159 4260 ut
187 4193 344 4260 verissime
374 4192 516 4257 blumius
547 4190 742 4268 observarit,
773 4190 837 4256 Iter
866 4190 939 4256 Ital.
965 4190 1033 4269 Ill,
1059 4195 1114 4271 97,
1140 4194 1224 4281 quod
1246 4194 1304 4260 de-

128 4316 254 4405 scriptus
288 4326 334 4379 est
364 4337 400 4378 er
432 4311 538 4378 codice
570 4311 799 4400 antiquissim03
834 4322 865 4374 at
894 4310 1014 4375 fallitur
1037 4313 1083 4377 rir
1106 4312 1302 4381 doctissimus

131 4435 292 4502 subiiciens
313 4434 429 4499 librum
448 4433 541 4497 fuisse
558 4432 642 4498 lectu
662 4430 895 4520 perdifficilem,
917 4453 991 4496 narn
1010 4432 1177 4501 innumera
1188 4433 1303 4500 menda

132 4557 239 4643 quibus
271 4567 387 4634 scatet,
423 4552 550 4641 illepide
580 4565 611 4618 et
643 4551 823 4616 absurdiora
854 4575 890 4617 er
921 4575 958 4617 eo
989 4567 1061 4620 nata
1094 4569 1185 4633 sunt,
1201 4601 1203 4605 «
1219 4553 1303 4647 quod

1066 4676 1100 4724 23
