2888 5144
515 349 699 398 scararum
725 350 867 398 coniers.
1247 334 1282 394 lt

143 517 205 586 sed
230 518 316 585 aliud
335 532 382 585 est
401 518 441 585 de
461 521 608 587 omnibus
628 522 683 599 iis,
707 541 789 610 quae
806 520 916 585 manui
937 520 1093 586 secundae
1113 517 1285 599 debemus,

97 639 265 729 diligenter
292 640 377 705 eninr
409 641 564 707 rationem
594 640 693 706 habui
723 653 936 730 punctorum,
963 662 1044 729 quae
1067 653 1226 706 corrector
1249 641 1287 706 iis

96 760 208 826 litteris
239 760 422 849 adscripsit,
458 782 536 849 quas
567 770 782 851 expungeret,
814 773 850 826 ut
880 760 973 827 verbo
997 773 1068 826 utar
1092 760 1164 827 inde
1188 773 1284 840 nato,

98 881 172 970 quia
203 879 346 947 codicem
367 880 484 970 insigni
505 881 615 947 labore
636 893 669 947 et
691 902 765 946 aera
787 880 944 971 elegantia
966 881 1160 971 descriptum
1183 904 1286 948 crassa

97 1000 241 1068 Minerva
275 999 443 1068 emendare
478 1024 578 1091 quum
612 1000 801 1081 dedeceret,
836 1014 956 1091 puncto
991 1015 1115 1070 uetaret
1146 1003 1283 1070 litteram

98 1133 152 1188 aut
174 1143 304 1201 rocem,
330 1144 392 1212 qua
412 1134 492 1189 esset
510 1134 690 1212 peccatum.
739 1145 761 1186 «
771 1121 805 1188 Si
816 1121 932 1200 rerba,
953 1123 998 1188 sic
1019 1123 1120 1189 Maius
1132 1145 1205 1213 pag.
1221 1142 1284 1203 ux,

98 1240 242 1309 addenda
262 1255 356 1322 sunt,
376 1265 414 1310 ea
433 1265 528 1334 supra
546 1266 692 1322 versum,
711 1243 811 1309 rarius
830 1243 863 1308 ia
883 1244 1026 1332 margine
1041 1243 1285 1325 adscribuntur,

97 1362 145 1428 sin
161 1360 377 1443 detrahenda,
397 1386 435 1431 ea
453 1365 580 1454 punctis
600 1385 694 1454 saepe
713 1386 850 1454 superne
868 1386 939 1428 raro
959 1364 1082 1430 inferne
1093 1377 1286 1433 notantur.»

98 1482 159 1550 llic
181 1483 304 1551 fallitur
325 1485 448 1551 etiamsi
470 1484 570 1550 oculis
597 1484 795 1550 acutissimus
813 1483 934 1562 editor,
960 1504 1035 1549 nam
1054 1497 1200 1551 constans
1218 1508 1287 1552 mos

97 1603 328 1686 emendatoris,
370 1618 407 1671 ut
447 1617 568 1695 puncto
603 1604 742 1684 litteras,
779 1625 861 1693 quae
895 1602 1048 1670 delendae
1083 1604 1285 1686 riderentur,

97 1737 221 1792 uetaret
244 1748 379 1816 superne
402 1724 526 1806 addito,
551 1725 674 1791 nullam
696 1725 758 1792 fert
769 1725 1007 1815 exceptionem,
1033 1723 1143 1804 idest,
1166 1739 1287 1816 puncto

97 1846 221 1914 infame
243 1847 359 1936 scripto
382 1846 472 1913 nulla
494 1846 600 1913 littera
622 1847 655 1911 in
678 1845 740 1912 hoc
763 1844 874 1911 codice
890 1844 1085 1912 detrahenda
1106 1859 1165 1913 est.
1201 1843 1288 1914 Con·

99 1979 144 2032 tra
176 1979 251 2034 sunt
281 1968 401 2034 multae
430 1968 555 2035 litterae
576 1990 612 2034 re
634 1990 707 2034 uera
730 1966 900 2046 delendae,
925 1966 984 2033 sub
1008 1967 1123 2056 quibus
1147 1971 1288 2037 comitur

99 2087 232 2178 aliquid3
266 2103 312 2155 est
338 2112 454 2180 nempe
477 2089 594 2180 duplex
617 2088 744 2156 delendi
767 2089 867 2168 ratio,
892 2089 978 2156 unde
1001 2088 1042 2156 de
1064 2089 1192 2180 duplice
1215 2113 1287 2156 cor·

99 2209 239 2275 rectione
258 2221 354 2298 atque
373 2209 413 2275 de
432 2209 556 2275 duobus
567 2208 823 2275 emendatoribus
835 2208 916 2276 sitne
932 2209 1153 2299 cogitandum,
1171 2210 1287 2278 dubias

98 2328 233 2409 haereo,
258 2330 322 2397 imo
345 2331 442 2420 ipsius
465 2331 676 2397 emendatoris
694 2329 817 2395 subtilis
840 2328 1004 2420 diligentia
1026 2330 1180 2419 impedit,
1206 2355 1287 2422 qao·

98 2450 203 2519 minus
223 2474 272 2518 res
289 2451 492 2519 diiudicetur.
531 2453 569 2518 ln
588 2451 669 2517 libro
684 2450 823 2516 secando
840 2452 999 2540 tertioque
1017 2452 1154 2518 sedecim
1169 2453 1247 2519 locis
1258 2454 1284 2540 ¹)

98 2596 154 2664 pro
189 2573 326 2640 solemni
358 2586 479 2666 puncto
513 2573 633 2640 litteras
663 2571 725 2638 boc
755 2570 879 2660 signm'
914 2594 1050 2661 superne
1074 2595 1139 2640 esse
1163 2586 1286 2640 notatas

98 2694 185 2776 uolo;
221 2694 298 2785 quid
321 2695 477 2761 levissimo
500 2695 561 2761 boc
583 2693 764 2760 discrimine
787 2691 906 2772 subsit,
934 2713 998 2756 noa
1022 2693 1197 2782 perspicio,
1221 2695 1287 2761 imo

98 2838 140 2882 ne
158 2815 357 2887 coniiciendo
380 2817 513 2906 reperiri
535 2815 671 2905 poterit,
696 2813 821 2903 opinor3
849 2810 935 2878 aliud
959 2826 1025 2893 est,
1050 2815 1286 2883 secundaeuim

97 2936 225 3004 delendi
258 2935 446 3016 methodus,
484 2959 547 3027 qua
581 2959 674 3002 nemo
706 2957 771 3001 uon
803 2935 923 3014 utitur,
961 2946 996 2999 ut
1026 2934 1146 3002 litteras
1177 2938 1289 3005 vitiose

97 3059 229 3149 scriptas
251 3058 368 3125 lineola
392 3058 522 3147 obliqua
545 3069 633 3123 notet
652 3058 686 3122 in
709 3056 797 3122 bunc
820 3055 963 3122 modum:
988 3057 1007 3131 θ
1029 3058 1145 3146 passim
1167 3059 1201 3124 in
1225 3057 1289 3125 boc

98 3179 208 3246 codice
239 3180 396 3258 occurrit,
429 3191 461 3245 et
491 3179 614 3268 saepius
647 3177 843 3244 coniunctim
870 3200 943 3243 cum
979 3177 1088 3244 altera.
1137 3178 1287 3247 Attamen

97 3302 248 3390 antiquus
289 3300 474 3368 emendator
512 3313 642 3391 propter
684 3301 832 3367 eximiam
865 3300 1038 3389 scripturae
1072 3300 1287 3390 pulchritudi-

96 3445 192 3501 nem,
217 3423 348 3512 opinor,
372 3422 571 3489 tenuissimas
590 3434 717 3487 tantum
742 3434 829 3488 trans
846 3420 920 3486 istas
938 3420 1058 3486 litteras
1078 3420 1167 3488 duxit
1185 3423 1288 3490 lineo·

97 3543 163 3623 las,
185 3567 263 3633 quas
281 3543 433 3610 facillime
451 3566 534 3633 aqua
554 3542 705 3621 abstulit,
726 3553 759 3608 et
772 3553 902 3632 propter
914 3543 1082 3607 atramenti
1094 3544 1287 3632 paucitatem

98 3665 132 3729 in
156 3686 208 3729 eas
229 3664 279 3729 vir
303 3687 396 3754 agere
418 3677 591 3754 potuerunt
614 3663 774 3752 chymica3
801 3662 877 3728 hinc
897 3663 1037 3741 factum,
1063 3674 1098 3727 ut
1119 3663 1288 3753 bonapars

98 3807 209 3851 earum
238 3785 435 3864 litterarum,
467 3807 544 3874 quas
575 3783 713 3851 secunda
740 3806 854 3849 manus
885 3805 1009 3848 summo
1040 3783 1110 3849 iure
1137 3783 1288 3852 delendas

98 3906 275 3984 censuerit,
300 3897 539 3972 renascerentur
562 3905 681 3993 absque
700 3904 837 3983 lineola,
860 3926 942 3992 quae
961 3905 1084 3970 etiamsi
1103 3904 1288 3973 tenuissima

99 4027 207 4093 abesse
237 4049 303 4093 uon
337 4025 480 4107 deberet;
510 4039 542 4091 et
572 4026 666 4116 vulgo
697 4026 823 4091 nonnisi
847 4026 966 4091 maiore
989 4023 1157 4092 oculorum
1180 4028 1290 4096 inten-

134 4327 160 4388 l)
186 4323 215 4372 11
238 4324 287 4386 §4
310 4330 350 4385 ut,
374 4328 388 4374 6
413 4341 452 4386 ne,
479 4329 506 4372 11
531 4323 725 4388 Esquiillinum,
749 4329 780 4374 28
803 4323 944 4390 attingissa,
967 4330 999 4377 36
1017 4323 1113 4391 cloria,
1141 4331 1172 4376 43
1190 4336 1229 4388 ct,
1248 4328 1284 4390 is,

98 4426 130 4470 44
147 4421 293 4482 deminuto,
318 4423 349 4472 47
364 4437 454 4485 qnam,
481 4425 512 4471 48
529 4423 651 4486 cogitare,
679 4425 711 4471 50
729 4422 914 4486 interpraetati,
941 4420 1009 4482 dvis,
1036 4421 1152 4488 inpertit,
1178 4429 1209 4477 55
1227 4425 1284 4478 reli·

97 4532 185 4581 quarn,
203 4521 234 4569 67
253 4517 346 4579 effecit,
364 4519 407 4570 111
424 4521 439 4584 ξ
456 4526 471 4570 3
489 4520 664 4582 voluntatum,
681 4525 854 4582 torrerentur,
873 4525 904 4570 2³
923 4520 1040 4572 iustitiae.
