<?xml version="1.0" encoding="UTF-8"?>
<!DOCTYPE html PUBLIC "-//W3C//DTD XHTML 1.0 Transitional//EN"
    "http://www.w3.org/TR/xhtml1/DTD/xhtml1-transitional.dtd">
<html xmlns="http://www.w3.org/1999/xhtml" xml:lang="en" lang="en">
 <head>
  <title>
</title>
<meta http-equiv="Content-Type" content="text/html;charset=utf-8" />
  <meta name='ocr-system' content='tesseract 3.04.00' />
  <meta name='ocr-capabilities' content='ocr_page ocr_carea ocr_par ocr_line ocrx_word'/>
</head>
<body>
  <div class='ocr_page' id='page_1' title='image "./schedaevaticana00rieugoog_0222.png"; bbox 0 0 2888 5144; ppageno 0'>
   <div class='ocr_carea' id='block_1_1' title="bbox 505 300 1304 362">
    <p class='ocr_par' dir='ltr' id='par_1_1' title="bbox 505 300 1304 362">
     <span class='ocr_line' id='line_1_1' title="bbox 505 300 1304 362; baseline 0.001 -1"><span class='ocrx_word' id='word_1_1' title='bbox 505 312 681 361; x_wconf 73' lang='lat' dir='ltr'><strong>uncturus</strong></span> <span class='ocrx_word' id='word_1_2' title='bbox 704 313 917 362; x_wconf 79' lang='lat' dir='ltr'><strong>urrorrrros.</strong></span> <span class='ocrx_word' id='word_1_3' title='bbox 1239 300 1304 362; x_wconf 86' lang='lat'><strong>203</strong></span> 
     </span>
    </p>
   </div>
   <div class='ocr_carea' id='block_1_2' title="bbox 126 441 1305 576">
    <p class='ocr_par' dir='ltr' id='par_1_2' title="bbox 126 441 1305 576">
     <span class='ocr_line' id='line_1_2' title="bbox 126 441 1305 576; baseline -0.001 -26"><span class='ocrx_word' id='word_1_4' title='bbox 126 486 246 550; x_wconf 84' lang='lat' dir='ltr'><strong>factum</strong></span> <span class='ocrx_word' id='word_1_5' title='bbox 277 441 324 548; x_wconf 89' lang='lat' dir='ltr'><strong>est</strong></span> <span class='ocrx_word' id='word_1_6' title='bbox 354 505 390 548; x_wconf 83' lang='lat' dir='ltr'><strong>ex</strong></span> <span class='ocrx_word' id='word_1_7' title='bbox 420 482 536 548; x_wconf 87' lang='lat' dir='ltr'><strong>Blumii</strong></span> <span class='ocrx_word' id='word_1_8' title='bbox 567 483 681 550; x_wconf 89' lang='lat' dir='ltr'><strong>codicis</strong></span> <span class='ocrx_word' id='word_1_9' title='bbox 712 485 890 576; x_wconf 76' lang='lat' dir='ltr'><strong>apographo</strong></span> <span class='ocrx_word' id='word_1_10' title='bbox 922 482 1005 569; x_wconf 90' lang='lat' dir='ltr'><strong>quod</strong></span> <span class='ocrx_word' id='word_1_11' title='bbox 1036 482 1094 548; x_wconf 89' lang='lat' dir='ltr'><strong>sibi</strong></span> <span class='ocrx_word' id='word_1_12' title='bbox 1125 482 1305 549; x_wconf 77' lang='lat' dir='ltr'><strong>confecerat</strong></span> 
     </span>
    </p>
   </div>
   <div class='ocr_carea' id='block_1_3' title="bbox 90 602 1407 4554">
    <p class='ocr_par' dir='ltr' id='par_1_3' title="bbox 126 602 1304 911">
     <span class='ocr_line' id='line_1_3' title="bbox 126 602 1304 694; baseline -0.003 -23"><span class='ocrx_word' id='word_1_13' title='bbox 126 605 200 685; x_wconf 91' lang='lat' dir='ltr'><strong>ille,</strong></span> <span class='ocrx_word' id='word_1_14' title='bbox 232 627 312 693; x_wconf 88' lang='lat' dir='ltr'><strong>quae</strong></span> <span class='ocrx_word' id='word_1_15' title='bbox 335 602 467 668; x_wconf 84' lang='lat' dir='ltr'><strong>schedae</strong></span> <span class='ocrx_word' id='word_1_16' title='bbox 493 605 592 669; x_wconf 92' lang='lat' dir='ltr'><strong>amico</strong></span> <span class='ocrx_word' id='word_1_17' title='bbox 615 603 696 669; x_wconf 93' lang='lat' dir='ltr'><strong>dono</strong></span> <span class='ocrx_word' id='word_1_18' title='bbox 720 603 811 671; x_wconf 91' lang='lat' dir='ltr'><strong>datae</strong></span> <span class='ocrx_word' id='word_1_19' title='bbox 834 604 995 694; x_wconf 89' lang='lat' dir='ltr'><strong>perierunt</strong></span> <span class='ocrx_word' id='word_1_20' title='bbox 1017 616 1140 694; x_wconf 86' lang='lat' dir='ltr'><strong>praeter</strong></span> <span class='ocrx_word' id='word_1_21' title='bbox 1162 604 1304 693; x_wconf 87' lang='lat' dir='ltr'><strong>particu-</strong></span> 
     </span>
     <span class='ocr_line' id='line_1_4' title="bbox 126 721 1304 813; baseline 0 -23"><span class='ocrx_word' id='word_1_22' title='bbox 126 726 209 804; x_wconf 90' lang='lat' dir='ltr'><strong>lam,</strong></span> <span class='ocrx_word' id='word_1_23' title='bbox 243 747 337 813; x_wconf 90' lang='lat' dir='ltr'><strong>quam</strong></span> <span class='ocrx_word' id='word_1_24' title='bbox 368 724 531 812; x_wconf 88' lang='lat' dir='ltr'><strong>Kempfius</strong></span> <span class='ocrx_word' id='word_1_25' title='bbox 559 722 597 788; x_wconf 92' lang='lat' dir='ltr'><strong>ad</strong></span> <span class='ocrx_word' id='word_1_26' title='bbox 624 724 784 790; x_wconf 89' lang='lat' dir='ltr'><strong>Valerium</strong></span> <span class='ocrx_word' id='word_1_27' title='bbox 808 724 963 791; x_wconf 83' lang='lat' dir='ltr'><strong>adhibuit.</strong></span> <span class='ocrx_word' id='word_1_28' title='bbox 1013 721 1123 790; x_wconf 76' lang='lat' dir='ltr'><strong>Cetera</strong></span> <span class='ocrx_word' id='word_1_29' title='bbox 1146 748 1220 813; x_wconf 78' lang='lat' dir='ltr'><strong>ergo</strong></span> <span class='ocrx_word' id='word_1_30' title='bbox 1244 726 1304 790; x_wconf 87' lang='lat' dir='ltr'><strong>eti·</strong></span> 
     </span>
     <span class='ocr_line' id='line_1_5' title="bbox 127 843 1059 911; baseline -0.001 0"><span class='ocrx_word' id='word_1_31' title='bbox 127 847 204 911; x_wconf 90' lang='lat' dir='ltr'><strong>amsi</strong></span> <span class='ocrx_word' id='word_1_32' title='bbox 227 868 295 910; x_wconf 91' lang='lat' dir='ltr'><strong>sero</strong></span> <span class='ocrx_word' id='word_1_33' title='bbox 318 843 398 909; x_wconf 88' lang='lat' dir='ltr'><strong>mihi</strong></span> <span class='ocrx_word' id='word_1_34' title='bbox 420 845 514 911; x_wconf 89' lang='lat' dir='ltr'><strong>liceat</strong></span> <span class='ocrx_word' id='word_1_35' title='bbox 539 844 656 910; x_wconf 90' lang='lat' dir='ltr'><strong>Valerii</strong></span> <span class='ocrx_word' id='word_1_36' title='bbox 679 845 790 911; x_wconf 89' lang='lat' dir='ltr'><strong>editori</strong></span> <span class='ocrx_word' id='word_1_37' title='bbox 813 845 1059 911; x_wconf 87' lang='lat' dir='ltr'><strong>subministrare.</strong></span> 
     </span>
    </p>

    <p class='ocr_par' dir='ltr' id='par_1_4' title="bbox 126 959 1307 1394">
     <span class='ocr_line' id='line_1_6' title="bbox 172 959 1305 1033; baseline -0.002 -1"><span class='ocrx_word' id='word_1_38' title='bbox 172 964 278 1032; x_wconf 80' lang='lat' dir='ltr'>Codex</span> <span class='ocrx_word' id='word_1_39' title='bbox 301 977 385 1031; x_wconf 91' lang='lat' dir='ltr'><strong>recte</strong></span> <span class='ocrx_word' id='word_1_40' title='bbox 398 966 452 1031; x_wconf 86' lang='lat' dir='ltr'><strong>¹sic</strong></span> <span class='ocrx_word' id='word_1_41' title='bbox 475 959 661 1030; x_wconf 70' lang='lat' dir='ltr'><strong>describitur</strong></span> <span class='ocrx_word' id='word_1_42' title='bbox 688 989 706 1030; x_wconf 91' lang='lat' dir='ltr'><strong>a</strong></span> <span class='ocrx_word' id='word_1_43' title='bbox 726 964 871 1032; x_wconf 89' lang='lat' dir='ltr'><strong>Blumio:</strong></span> <span class='ocrx_word' id='word_1_44' title='bbox 894 978 940 1033; x_wconf 87' lang='lat' dir='ltr'><strong>est</strong></span> <span class='ocrx_word' id='word_1_45' title='bbox 958 966 1040 1032; x_wconf 88' lang='lat' dir='ltr'><strong>liber</strong></span> <span class='ocrx_word' id='word_1_46' title='bbox 1055 989 1114 1032; x_wconf 88' lang='lat' dir='ltr'><strong>ms.</strong></span> <span class='ocrx_word' id='word_1_47' title='bbox 1135 966 1305 1032; x_wconf 76' lang='lat' dir='ltr'><strong>Vaticanus</strong></span> 
     </span>
     <span class='ocr_line' id='line_1_7' title="bbox 126 1085 1307 1173; baseline -0.002 -19"><span class='ocrx_word' id='word_1_48' title='bbox 126 1087 196 1154; x_wconf 91' lang='lat' dir='ltr'><strong>Lat.</strong></span> <span class='ocrx_word' id='word_1_49' title='bbox 217 1086 273 1153; x_wconf 90' lang='lat' dir='ltr'><strong>N⁰.</strong></span> <span class='ocrx_word' id='word_1_50' title='bbox 298 1088 380 1151; x_wconf 85' lang='lat'>1321</span> <span class='ocrx_word' id='word_1_51' title='bbox 404 1098 553 1173; x_wconf 88' lang='lat' dir='ltr'><strong>quartum</strong></span> <span class='ocrx_word' id='word_1_52' title='bbox 572 1085 730 1152; x_wconf 89' lang='lat' dir='ltr'><strong>decimum</strong></span> <span class='ocrx_word' id='word_1_53' title='bbox 747 1087 908 1153; x_wconf 87' lang='lat' dir='ltr'><strong>saeculum</strong></span> <span class='ocrx_word' id='word_1_54' title='bbox 927 1109 991 1152; x_wconf 89' lang='lat' dir='ltr'><strong>non</strong></span> <span class='ocrx_word' id='word_1_55' title='bbox 1011 1085 1181 1166; x_wconf 83' lang='lat' dir='ltr'><strong>excedens,</strong></span> <span class='ocrx_word' id='word_1_56' title='bbox 1204 1109 1307 1152; x_wconf 83' lang='lat' dir='ltr'><strong>menr-</strong></span> 
     </span>
     <span class='ocr_line' id='line_1_8' title="bbox 127 1206 1303 1277; baseline 0.003 -4"><span class='ocrx_word' id='word_1_57' title='bbox 127 1209 299 1273; x_wconf 89' lang='lat' dir='ltr'><strong>branaeeus</strong></span> <span class='ocrx_word' id='word_1_58' title='bbox 339 1207 438 1272; x_wconf 89' lang='lat' dir='ltr'><strong>forma</strong></span> <span class='ocrx_word' id='word_1_59' title='bbox 481 1207 616 1272; x_wconf 87' lang='lat' dir='ltr'><strong>maxima</strong></span> <span class='ocrx_word' id='word_1_60' title='bbox 650 1206 731 1273; x_wconf 91' lang='lat' dir='ltr'><strong>binis</strong></span> <span class='ocrx_word' id='word_1_61' title='bbox 766 1207 919 1273; x_wconf 91' lang='lat' dir='ltr'><strong>columnis</strong></span> <span class='ocrx_word' id='word_1_62' title='bbox 960 1221 1101 1274; x_wconf 82' lang='lat' dir='ltr'><strong>exaratus</strong></span> <span class='ocrx_word' id='word_1_63' title='bbox 1132 1208 1188 1274; x_wconf 89' lang='lat' dir='ltr'><strong>fol.</strong></span> <span class='ocrx_word' id='word_1_64' title='bbox 1226 1211 1303 1277; x_wconf 84' lang='grc'><strong>279.</strong></span> 
     </span>
     <span class='ocr_line' id='line_1_9' title="bbox 129 1330 260 1394; baseline -0.015 0"><span class='ocrx_word' id='word_1_65' title='bbox 129 1330 260 1394; x_wconf 84' lang='lat' dir='ltr'><strong>Insunt:</strong></span> 
     </span>
    </p>

    <p class='ocr_par' dir='ltr' id='par_1_5' title="bbox 171 1446 978 1536">
     <span class='ocr_line' id='line_1_10' title="bbox 171 1446 978 1536; baseline -0.001 -22"><span class='ocrx_word' id='word_1_66' title='bbox 171 1449 195 1516; x_wconf 90' lang='lat' dir='ltr'><strong>f.</strong></span> <span class='ocrx_word' id='word_1_67' title='bbox 224 1452 365 1514; x_wconf 89' lang='lat'><strong>1-137.</strong></span> <span class='ocrx_word' id='word_1_68' title='bbox 412 1448 534 1514; x_wconf 86' lang='lat' dir='ltr'><strong>Relatio</strong></span> <span class='ocrx_word' id='word_1_69' title='bbox 559 1446 679 1536; x_wconf 74' lang='lat' dir='ltr'><strong>Synodi</strong></span> <span class='ocrx_word' id='word_1_70' title='bbox 703 1446 978 1514; x_wconf 81' lang='lat' dir='ltr'><strong>Chalcedonensis.</strong></span> 
     </span>
    </p>

    <p class='ocr_par' dir='ltr' id='par_1_6' title="bbox 128 1567 1308 2020">
     <span class='ocr_line' id='line_1_11' title="bbox 171 1567 1307 1649; baseline 0 -14"><span class='ocrx_word' id='word_1_71' title='bbox 171 1571 194 1636; x_wconf 89' lang='lat' dir='ltr'><strong>f.</strong></span> <span class='ocrx_word' id='word_1_72' title='bbox 220 1572 409 1635; x_wconf 78' lang='lat'><strong>137-139,</strong></span> <span class='ocrx_word' id='word_1_73' title='bbox 459 1567 629 1636; x_wconf 84' lang='lat' dir='ltr'><strong>Constitut.</strong></span> <span class='ocrx_word' id='word_1_74' title='bbox 665 1569 871 1649; x_wconf 86' lang='lat' dir='ltr'><strong>Theodorici,</strong></span> <span class='ocrx_word' id='word_1_75' title='bbox 896 1569 1129 1648; x_wconf 81' lang='lat' dir='ltr'><strong>Valentiniani,</strong></span> <span class='ocrx_word' id='word_1_76' title='bbox 1155 1569 1307 1635; x_wconf 82' lang='lat' dir='ltr'><strong>Marciani</strong></span> 
     </span>
     <span class='ocr_line' id='line_1_12' title="bbox 128 1688 1306 1778; baseline -0.001 -21"><span class='ocrx_word' id='word_1_77' title='bbox 128 1690 288 1757; x_wconf 85' lang='lat' dir='ltr'><strong>decadem</strong></span> <span class='ocrx_word' id='word_1_78' title='bbox 302 1688 442 1778; x_wconf 75' lang='lat' dir='ltr'><strong>Spuodo;</strong></span> <span class='ocrx_word' id='word_1_79' title='bbox 457 1689 558 1755; x_wconf 90' lang='lat' dir='ltr'><strong>editae</strong></span> <span class='ocrx_word' id='word_1_80' title='bbox 571 1712 588 1753; x_wconf 94' lang='lat' dir='ltr'><strong>a</strong></span> <span class='ocrx_word' id='word_1_81' title='bbox 602 1688 750 1755; x_wconf 90' lang='lat' dir='ltr'><strong>Labbaeo</strong></span> <span class='ocrx_word' id='word_1_82' title='bbox 763 1689 841 1755; x_wconf 90' lang='lat' dir='ltr'><strong>bibl.</strong></span> <span class='ocrx_word' id='word_1_83' title='bbox 855 1713 928 1755; x_wconf 90' lang='lat' dir='ltr'><strong>mss.</strong></span> <span class='ocrx_word' id='word_1_84' title='bbox 943 1690 1008 1755; x_wconf 95' lang='lat' dir='ltr'><strong>IIII</strong></span> <span class='ocrx_word' id='word_1_85' title='bbox 1019 1714 1052 1778; x_wconf 87' lang='lat' dir='ltr'><strong>p.</strong></span> <span class='ocrx_word' id='word_1_86' title='bbox 1067 1693 1212 1756; x_wconf 63' lang='lat'><strong>17802-1</strong></span> <span class='ocrx_word' id='word_1_87' title='bbox 1221 1694 1306 1768; x_wconf 87' lang='grc'><strong>786,</strong></span> 
     </span>
     <span class='ocr_line' id='line_1_13' title="bbox 131 1810 1308 1907; baseline -0.001 -30"><span class='ocrx_word' id='word_1_88' title='bbox 131 1814 373 1888; x_wconf 85' lang='grc'><strong>1607-1811,</strong></span> <span class='ocrx_word' id='word_1_89' title='bbox 407 1810 461 1899; x_wconf 89' lang='lat' dir='ltr'><strong>qui</strong></span> <span class='ocrx_word' id='word_1_90' title='bbox 490 1811 566 1875; x_wconf 89' lang='lat' dir='ltr'><strong>item</strong></span> <span class='ocrx_word' id='word_1_91' title='bbox 598 1810 767 1900; x_wconf 88' lang='lat' dir='ltr'><strong>Nepotiani</strong></span> <span class='ocrx_word' id='word_1_92' title='bbox 797 1810 962 1899; x_wconf 89' lang='lat' dir='ltr'><strong>epistolam</strong></span> <span class='ocrx_word' id='word_1_93' title='bbox 990 1811 1053 1876; x_wconf 85' lang='lat' dir='ltr'><strong>sire</strong></span> <span class='ocrx_word' id='word_1_94' title='bbox 1081 1810 1308 1907; x_wconf 83' lang='lat' dir='ltr'><strong>praefationem</strong></span> 
     </span>
     <span class='ocr_line' id='line_1_14' title="bbox 130 1930 528 2020; baseline -0.008 -22"><span class='ocrx_word' id='word_1_95' title='bbox 130 1931 226 1998; x_wconf 90' lang='lat' dir='ltr'><strong>edidit</strong></span> <span class='ocrx_word' id='word_1_96' title='bbox 249 1930 326 1998; x_wconf 91' lang='lat' dir='ltr'><strong>ibid.</strong></span> <span class='ocrx_word' id='word_1_97' title='bbox 353 1931 368 1995; x_wconf 93' lang='grc' dir='ltr'>Ι</span> <span class='ocrx_word' id='word_1_98' title='bbox 391 1954 424 2020; x_wconf 92' lang='lat' dir='ltr'><strong>p.</strong></span> <span class='ocrx_word' id='word_1_99' title='bbox 451 1933 528 1995; x_wconf 88' lang='grc'>669.</span> 
     </span>
    </p>

    <p class='ocr_par' dir='ltr' id='par_1_7' title="bbox 130 2049 1310 2264">
     <span class='ocr_line' id='line_1_15' title="bbox 172 2049 1310 2142; baseline 0 -24"><span class='ocrx_word' id='word_1_100' title='bbox 172 2053 208 2118; x_wconf 42' lang='grc'><strong>1..</strong></span> <span class='ocrx_word' id='word_1_101' title='bbox 232 2053 421 2125; x_wconf 59' lang='lat'><strong>139-7144.</strong></span> <span class='ocrx_word' id='word_1_102' title='bbox 470 2050 569 2140; x_wconf 82' lang='lat' dir='ltr'><strong>Epist.</strong></span> <span class='ocrx_word' id='word_1_103' title='bbox 599 2050 688 2116; x_wconf 80' lang='lat' dir='ltr'><strong>Fidei</strong></span> <span class='ocrx_word' id='word_1_104' title='bbox 720 2050 812 2117; x_wconf 82' lang='lat' dir='ltr'><strong>Geth.</strong></span> <span class='ocrx_word' id='word_1_105' title='bbox 838 2052 871 2117; x_wconf 91' lang='lat' dir='ltr'><strong>in</strong></span> <span class='ocrx_word' id='word_1_106' title='bbox 895 2050 1022 2117; x_wconf 89' lang='lat' dir='ltr'><strong>Defens.</strong></span> <span class='ocrx_word' id='word_1_107' title='bbox 1049 2051 1156 2117; x_wconf 88' lang='lat' dir='ltr'><strong>Trium</strong></span> <span class='ocrx_word' id='word_1_108' title='bbox 1178 2049 1310 2142; x_wconf 79' lang='lat' dir='ltr'><strong>Capitu-</strong></span> 
     </span>
     <span class='ocr_line' id='line_1_16' title="bbox 130 2160 464 2264; baseline 0 -26"><span class='ocrx_word' id='word_1_109' title='bbox 130 2174 243 2239; x_wconf 89' lang='lat' dir='ltr'><strong>lorum.</strong></span> <span class='ocrx_word' id='word_1_110' title='bbox 386 2160 388 2164; x_wconf 9' lang='grc'><strong>7</strong></span> <span class='ocrx_word' id='word_1_111' title='bbox 461 2253 464 2264; x_wconf 27' lang='lat'>⁸</span> 
     </span>
    </p>

    <p class='ocr_par' dir='ltr' id='par_1_8' title="bbox 173 2289 1309 2381">
     <span class='ocr_line' id='line_1_17' title="bbox 173 2289 1309 2381; baseline 0.001 -23"><span class='ocrx_word' id='word_1_112' title='bbox 173 2295 196 2359; x_wconf 86' lang='lat' dir='ltr'><strong>f.</strong></span> <span class='ocrx_word' id='word_1_113' title='bbox 211 2295 399 2357; x_wconf 81' lang='lat'><strong>144-147.</strong></span> <span class='ocrx_word' id='word_1_114' title='bbox 414 2293 514 2381; x_wconf 84' lang='lat' dir='ltr'><strong>Epist.</strong></span> <span class='ocrx_word' id='word_1_115' title='bbox 527 2290 678 2381; x_wconf 74' lang='lat' dir='ltr'><strong>Cypriani</strong></span> <span class='ocrx_word' id='word_1_116' title='bbox 690 2292 729 2356; x_wconf 91' lang='lat' dir='ltr'><strong>ad</strong></span> <span class='ocrx_word' id='word_1_117' title='bbox 738 2289 893 2358; x_wconf 82' lang='lat' dir='ltr'><strong>Oecilium</strong></span> <span class='ocrx_word' id='word_1_118' title='bbox 905 2291 944 2358; x_wconf 93' lang='lat' dir='ltr'><strong>de</strong></span> <span class='ocrx_word' id='word_1_119' title='bbox 953 2291 1093 2359; x_wconf 87' lang='lat' dir='ltr'><strong>Sacram.</strong></span> <span class='ocrx_word' id='word_1_120' title='bbox 1105 2293 1232 2359; x_wconf 89' lang='lat' dir='ltr'><strong>Domin.</strong></span> <span class='ocrx_word' id='word_1_121' title='bbox 1243 2291 1309 2359; x_wconf 80' lang='lat' dir='ltr'><strong>Gal.</strong></span> 
     </span>
    </p>

    <p class='ocr_par' dir='ltr' id='par_1_9' title="bbox 173 2409 1260 2502">
     <span class='ocr_line' id='line_1_18' title="bbox 173 2409 1260 2502; baseline 0 -24"><span class='ocrx_word' id='word_1_122' title='bbox 173 2414 194 2478; x_wconf 84' lang='lat' dir='ltr'><strong>f.</strong></span> <span class='ocrx_word' id='word_1_123' title='bbox 222 2415 412 2476; x_wconf 80' lang='lat'><strong>147-154.</strong></span> <span class='ocrx_word' id='word_1_124' title='bbox 461 2411 599 2477; x_wconf 84' lang='lat' dir='ltr'><strong>Ianuarii</strong></span> <span class='ocrx_word' id='word_1_125' title='bbox 621 2411 791 2502; x_wconf 83' lang='lat' dir='ltr'><strong>Nepotiani</strong></span> <span class='ocrx_word' id='word_1_126' title='bbox 814 2412 960 2501; x_wconf 86' lang='lat' dir='ltr'><strong>Epitome</strong></span> <span class='ocrx_word' id='word_1_127' title='bbox 981 2409 1097 2477; x_wconf 89' lang='lat' dir='ltr'><strong>Valerii</strong></span> <span class='ocrx_word' id='word_1_128' title='bbox 1120 2412 1260 2478; x_wconf 83' lang='lat' dir='ltr'><strong>Maximi.</strong></span> 
     </span>
    </p>

    <p class='ocr_par' dir='ltr' id='par_1_10' title="bbox 130 2529 1308 2744">
     <span class='ocr_line' id='line_1_19' title="bbox 172 2529 1308 2621; baseline 0 -22"><span class='ocrx_word' id='word_1_129' title='bbox 172 2534 197 2600; x_wconf 86' lang='lat' dir='ltr'><strong>f.</strong></span> <span class='ocrx_word' id='word_1_130' title='bbox 233 2533 421 2598; x_wconf 79' lang='lat'><strong>154-271,</strong></span> <span class='ocrx_word' id='word_1_131' title='bbox 469 2529 504 2597; x_wconf 88' lang='lat' dir='ltr'><strong>S.</strong></span> <span class='ocrx_word' id='word_1_132' title='bbox 537 2530 679 2597; x_wconf 81' lang='lat' dir='ltr'><strong>Facundi</strong></span> <span class='ocrx_word' id='word_1_133' title='bbox 709 2533 802 2621; x_wconf 89' lang='lat' dir='ltr'><strong>episc.</strong></span> <span class='ocrx_word' id='word_1_134' title='bbox 836 2531 978 2598; x_wconf 89' lang='lat' dir='ltr'><strong>Hermin.</strong></span> <span class='ocrx_word' id='word_1_135' title='bbox 1012 2532 1092 2598; x_wconf 89' lang='lat' dir='ltr'><strong>eccl.</strong></span> <span class='ocrx_word' id='word_1_136' title='bbox 1125 2555 1213 2621; x_wconf 88' lang='lat' dir='ltr'><strong>pror.</strong></span> <span class='ocrx_word' id='word_1_137' title='bbox 1240 2531 1308 2601; x_wconf 75' lang='lat' dir='ltr'><strong>atr.</strong></span> 
     </span>
     <span class='ocr_line' id='line_1_20' title="bbox 130 2650 1098 2744; baseline 0 -26"><span class='ocrx_word' id='word_1_138' title='bbox 130 2654 168 2718; x_wconf 88' lang='lat' dir='ltr'><strong>ad</strong></span> <span class='ocrx_word' id='word_1_139' title='bbox 190 2652 355 2719; x_wconf 87' lang='lat' dir='ltr'><strong>Iustinian.</strong></span> <span class='ocrx_word' id='word_1_140' title='bbox 382 2652 463 2742; x_wconf 87' lang='lat' dir='ltr'><strong>Imp.</strong></span> <span class='ocrx_word' id='word_1_141' title='bbox 491 2651 591 2741; x_wconf 83' lang='lat' dir='ltr'><strong>Epist.</strong></span> <span class='ocrx_word' id='word_1_142' title='bbox 607 2651 650 2716; x_wconf 86' lang='lat' dir='ltr'><strong>¹in</strong></span> <span class='ocrx_word' id='word_1_143' title='bbox 673 2652 801 2717; x_wconf 86' lang='lat' dir='ltr'><strong>Defens.</strong></span> <span class='ocrx_word' id='word_1_144' title='bbox 827 2653 936 2718; x_wconf 87' lang='lat' dir='ltr'><strong>Trium</strong></span> <span class='ocrx_word' id='word_1_145' title='bbox 960 2650 1098 2744; x_wconf 80' lang='lat' dir='ltr'><strong>capitul.</strong></span> 
     </span>
    </p>

    <p class='ocr_par' dir='ltr' id='par_1_11' title="bbox 90 2771 1242 2840">
     <span class='ocr_line' id='line_1_21' title="bbox 90 2771 1242 2840; baseline 0 0"><span class='ocrx_word' id='word_1_146' title='bbox 90 2794 92 2799; x_wconf 72' lang='grc'>’</span> <span class='ocrx_word' id='word_1_147' title='bbox 172 2775 196 2840; x_wconf 88' lang='grc'><strong>1.</strong></span> <span class='ocrx_word' id='word_1_148' title='bbox 222 2776 263 2838; x_wconf 83' lang='lat'><strong>27</strong></span> <span class='ocrx_word' id='word_1_149' title='bbox 270 2775 413 2837; x_wconf 76' lang='lat' dir='ltr'><strong>t-ata.</strong></span> <span class='ocrx_word' id='word_1_150' title='bbox 462 2771 570 2838; x_wconf 88' lang='lat' dir='ltr'><strong>Eiusd.</strong></span> <span class='ocrx_word' id='word_1_151' title='bbox 595 2771 676 2837; x_wconf 91' lang='lat' dir='ltr'><strong>liber</strong></span> <span class='ocrx_word' id='word_1_152' title='bbox 699 2785 808 2839; x_wconf 91' lang='lat' dir='ltr'><strong>contra</strong></span> <span class='ocrx_word' id='word_1_153' title='bbox 832 2774 1001 2838; x_wconf 88' lang='lat' dir='ltr'><strong>Misianum</strong></span> <span class='ocrx_word' id='word_1_154' title='bbox 1024 2772 1242 2840; x_wconf 86' lang='lat' dir='ltr'><strong>Scolasticum.</strong></span> 
     </span>
    </p>

    <p class='ocr_par' dir='ltr' id='par_1_12' title="bbox 173 2889 1309 2984">
     <span class='ocr_line' id='line_1_22' title="bbox 173 2889 1309 2984; baseline 0.001 -26"><span class='ocrx_word' id='word_1_155' title='bbox 173 2894 196 2959; x_wconf 83' lang='lat' dir='ltr'><strong>f.</strong></span> <span class='ocrx_word' id='word_1_156' title='bbox 221 2896 299 2958; x_wconf 85' lang='lat'><strong>277.</strong></span> <span class='ocrx_word' id='word_1_157' title='bbox 350 2889 512 2977; x_wconf 79' lang='lat' dir='ltr'><strong>Quaedam</strong></span> <span class='ocrx_word' id='word_1_158' title='bbox 534 2891 573 2958; x_wconf 91' lang='lat' dir='ltr'><strong>de</strong></span> <span class='ocrx_word' id='word_1_159' title='bbox 596 2890 724 2980; x_wconf 74' lang='lat' dir='ltr'><strong>Synodo</strong></span> <span class='ocrx_word' id='word_1_160' title='bbox 748 2916 777 2958; x_wconf 92' lang='lat' dir='ltr'><strong>a.</strong></span> <span class='ocrx_word' id='word_1_161' title='bbox 805 2895 891 2960; x_wconf 83' lang='lat'>1078</span> <span class='ocrx_word' id='word_1_162' title='bbox 915 2917 966 2984; x_wconf 90' lang='lat' dir='ltr'><strong>ap.</strong></span> <span class='ocrx_word' id='word_1_163' title='bbox 992 2893 1093 2960; x_wconf 90' lang='lat' dir='ltr'><strong>Labb.</strong></span> <span class='ocrx_word' id='word_1_164' title='bbox 1120 2893 1204 2984; x_wconf 74' lang='lat' dir='ltr'><strong>xp.</strong></span> <span class='ocrx_word' id='word_1_165' title='bbox 1231 2896 1309 2959; x_wconf 86' lang='grc'><strong>369.</strong></span> 
     </span>
    </p>

    <p class='ocr_par' dir='ltr' id='par_1_13' title="bbox 172 3011 911 3080">
     <span class='ocr_line' id='line_1_23' title="bbox 172 3011 911 3080; baseline 0.001 -1"><span class='ocrx_word' id='word_1_166' title='bbox 172 3015 197 3080; x_wconf 85' lang='lat' dir='ltr'><strong>f.</strong></span> <span class='ocrx_word' id='word_1_167' title='bbox 223 3015 415 3079; x_wconf 77' lang='lat' dir='ltr'><strong>ate-279.</strong></span> <span class='ocrx_word' id='word_1_168' title='bbox 464 3011 561 3078; x_wconf 84' lang='lat' dir='ltr'><strong>Index</strong></span> <span class='ocrx_word' id='word_1_169' title='bbox 584 3014 765 3079; x_wconf 87' lang='lat' dir='ltr'><strong>recentioris</strong></span> <span class='ocrx_word' id='word_1_170' title='bbox 789 3037 911 3080; x_wconf 90' lang='lat' dir='ltr'><strong>manus.</strong></span> 
     </span>
    </p>

    <p class='ocr_par' dir='ltr' id='par_1_14' title="bbox 130 3131 1407 3949">
     <span class='ocr_line' id='line_1_24' title="bbox 176 3131 1312 3220; baseline 0.003 -21"><span class='ocrx_word' id='word_1_171' title='bbox 176 3133 267 3220; x_wconf 80' lang='lat' dir='ltr'><strong>Quod</strong></span> <span class='ocrx_word' id='word_1_172' title='bbox 293 3131 331 3196; x_wconf 90' lang='lat' dir='ltr'><strong>ad</strong></span> <span class='ocrx_word' id='word_1_173' title='bbox 355 3132 536 3197; x_wconf 89' lang='lat' dir='ltr'><strong>Ianuarium</strong></span> <span class='ocrx_word' id='word_1_174' title='bbox 560 3146 702 3199; x_wconf 90' lang='lat' dir='ltr'><strong>nostrum</strong></span> <span class='ocrx_word' id='word_1_175' title='bbox 723 3135 854 3214; x_wconf 88' lang='lat' dir='ltr'><strong>attinet,</strong></span> <span class='ocrx_word' id='word_1_176' title='bbox 876 3134 1031 3201; x_wconf 87' lang='lat' dir='ltr'><strong>contendo</strong></span> <span class='ocrx_word' id='word_1_177' title='bbox 1048 3136 1112 3200; x_wconf 88' lang='lat' dir='ltr'><strong>iam</strong></span> <span class='ocrx_word' id='word_1_178' title='bbox 1131 3135 1312 3202; x_wconf 87' lang='lat' dir='ltr'><strong>mutilatum</strong></span> 
     </span>
     <span class='ocr_line' id='line_1_25' title="bbox 130 3252 1313 3345; baseline 0.003 -25"><span class='ocrx_word' id='word_1_179' title='bbox 130 3255 225 3320; x_wconf 88' lang='lat' dir='ltr'><strong>fuisse</strong></span> <span class='ocrx_word' id='word_1_180' title='bbox 247 3253 332 3319; x_wconf 92' lang='lat' dir='ltr'><strong>illius</strong></span> <span class='ocrx_word' id='word_1_181' title='bbox 355 3275 432 3343; x_wconf 90' lang='lat' dir='ltr'><strong>opus</strong></span> <span class='ocrx_word' id='word_1_182' title='bbox 456 3252 489 3317; x_wconf 91' lang='lat' dir='ltr'><strong>in</strong></span> <span class='ocrx_word' id='word_1_183' title='bbox 509 3252 640 3332; x_wconf 89' lang='lat' dir='ltr'><strong>codice,</strong></span> <span class='ocrx_word' id='word_1_184' title='bbox 665 3253 750 3319; x_wconf 89' lang='lat' dir='ltr'><strong>unde</strong></span> <span class='ocrx_word' id='word_1_185' title='bbox 774 3255 944 3320; x_wconf 86' lang='lat' dir='ltr'><strong>Vaticanus</strong></span> <span class='ocrx_word' id='word_1_186' title='bbox 965 3255 1138 3345; x_wconf 88' lang='lat' dir='ltr'><strong>descriptus</strong></span> <span class='ocrx_word' id='word_1_187' title='bbox 1158 3270 1217 3338; x_wconf 81' lang='lat' dir='ltr'><strong>est3</strong></span> <span class='ocrx_word' id='word_1_188' title='bbox 1237 3280 1313 3323; x_wconf 91' lang='lat' dir='ltr'><strong>nam</strong></span> 
     </span>
     <span class='ocr_line' id='line_1_26' title="bbox 130 3374 1407 3467; baseline 0.001 -24"><span class='ocrx_word' id='word_1_189' title='bbox 130 3378 163 3443; x_wconf 91' lang='lat' dir='ltr'><strong>in</strong></span> <span class='ocrx_word' id='word_1_190' title='bbox 196 3374 301 3442; x_wconf 90' lang='lat' dir='ltr'><strong>media</strong></span> <span class='ocrx_word' id='word_1_191' title='bbox 334 3397 411 3441; x_wconf 79' lang='lat' dir='ltr'><strong>soce</strong></span> <span class='ocrx_word' id='word_1_192' title='bbox 444 3374 577 3454; x_wconf 89' lang='lat' dir='ltr'><strong>desinit,</strong></span> <span class='ocrx_word' id='word_1_193' title='bbox 616 3388 646 3441; x_wconf 88' lang='lat' dir='ltr'><strong>et</strong></span> <span class='ocrx_word' id='word_1_194' title='bbox 681 3375 787 3440; x_wconf 90' lang='lat' dir='ltr'><strong>statim</strong></span> <span class='ocrx_word' id='word_1_195' title='bbox 821 3375 931 3442; x_wconf 90' lang='lat' dir='ltr'><strong>eadem</strong></span> <span class='ocrx_word' id='word_1_196' title='bbox 961 3378 1076 3467; x_wconf 77' lang='lat' dir='ltr'><strong>pagina</strong></span> <span class='ocrx_word' id='word_1_197' title='bbox 1106 3379 1170 3443; x_wconf 90' lang='lat' dir='ltr'><strong>imo</strong></span> <span class='ocrx_word' id='word_1_198' title='bbox 1201 3377 1313 3444; x_wconf 88' lang='lat' dir='ltr'><strong>eodem</strong></span> <span class='ocrx_word' id='word_1_199' title='bbox 1402 3420 1407 3435; x_wconf 83' lang='lat'>·</span> 
     </span>
     <span class='ocr_line' id='line_1_27' title="bbox 130 3494 1313 3584; baseline 0.001 -21"><span class='ocrx_word' id='word_1_200' title='bbox 130 3519 221 3565; x_wconf 76' lang='lat' dir='ltr'><strong>versu</strong></span> <span class='ocrx_word' id='word_1_201' title='bbox 259 3496 382 3562; x_wconf 88' lang='lat' dir='ltr'><strong>transiit</strong></span> <span class='ocrx_word' id='word_1_202' title='bbox 424 3494 570 3560; x_wconf 88' lang='lat' dir='ltr'><strong>librarius</strong></span> <span class='ocrx_word' id='word_1_203' title='bbox 614 3495 653 3560; x_wconf 94' lang='lat' dir='ltr'><strong>ad</strong></span> <span class='ocrx_word' id='word_1_204' title='bbox 693 3495 847 3584; x_wconf 88' lang='lat' dir='ltr'><strong>Epistolas</strong></span> <span class='ocrx_word' id='word_1_205' title='bbox 882 3494 991 3563; x_wconf 88' lang='lat' dir='ltr'><strong>Sancti</strong></span> <span class='ocrx_word' id='word_1_206' title='bbox 1024 3496 1187 3576; x_wconf 82' lang='lat' dir='ltr'><strong>Facundi,</strong></span> <span class='ocrx_word' id='word_1_207' title='bbox 1224 3499 1313 3564; x_wconf 88' lang='lat' dir='ltr'><strong>cuius</strong></span> 
     </span>
     <span class='ocr_line' id='line_1_28' title="bbox 131 3593 1313 3709; baseline 0.003 -26"><span class='ocrx_word' id='word_1_208' title='bbox 131 3617 291 3706; x_wconf 89' lang='lat' dir='ltr'><strong>inscriptio</strong></span> <span class='ocrx_word' id='word_1_209' title='bbox 323 3628 449 3681; x_wconf 83' lang='lat' dir='ltr'><strong>exarata</strong></span> <span class='ocrx_word' id='word_1_210' title='bbox 479 3627 526 3681; x_wconf 90' lang='lat' dir='ltr'><strong>est</strong></span> <span class='ocrx_word' id='word_1_211' title='bbox 557 3615 645 3680; x_wconf 91' lang='lat' dir='ltr'><strong>nullo</strong></span> <span class='ocrx_word' id='word_1_212' title='bbox 669 3616 768 3706; x_wconf 91' lang='lat' dir='ltr'><strong>spatio</strong></span> <span class='ocrx_word' id='word_1_213' title='bbox 792 3617 901 3682; x_wconf 90' lang='lat' dir='ltr'><strong>relicto</strong></span> <span class='ocrx_word' id='word_1_214' title='bbox 924 3628 994 3706; x_wconf 87' lang='lat' dir='ltr'><strong>post</strong></span> <span class='ocrx_word' id='word_1_215' title='bbox 1008 3593 1180 3684; x_wconf 55' lang='lat' dir='ltr'><strong>¹historiam</strong></span> <span class='ocrx_word' id='word_1_216' title='bbox 1203 3631 1313 3709; x_wconf 86' lang='lat' dir='ltr'><strong>captae</strong></span> 
     </span>
     <span class='ocr_line' id='line_1_29' title="bbox 132 3737 1313 3828; baseline 0.001 -24"><span class='ocrx_word' id='word_1_217' title='bbox 132 3739 269 3804; x_wconf 84' lang='lat' dir='ltr'><strong>Romae:</strong></span> <span class='ocrx_word' id='word_1_218' title='bbox 304 3742 470 3828; x_wconf 63' lang='lat' dir='ltr'><strong>«aperus</strong></span> <span class='ocrx_word' id='word_1_219' title='bbox 501 3738 636 3827; x_wconf 64' lang='lat' dir='ltr'><strong>abelque</strong></span> <span class='ocrx_word' id='word_1_220' title='bbox 670 3737 772 3803; x_wconf 90' lang='lat' dir='ltr'><strong>ianuis</strong></span> <span class='ocrx_word' id='word_1_221' title='bbox 804 3737 909 3804; x_wconf 86' lang='lat' dir='ltr'><strong>Gallos</strong></span> <span class='ocrx_word' id='word_1_222' title='bbox 940 3740 1072 3805; x_wconf 87' lang='lat' dir='ltr'><strong>intrasse</strong></span> <span class='ocrx_word' id='word_1_223' title='bbox 1083 3762 1116 3818; x_wconf 87' lang='lat'><strong>,&gt;›</strong></span> <span class='ocrx_word' id='word_1_224' title='bbox 1140 3751 1195 3805; x_wconf 89' lang='lat' dir='ltr'><strong>aut</strong></span> <span class='ocrx_word' id='word_1_225' title='bbox 1218 3740 1313 3805; x_wconf 90' lang='lat' dir='ltr'><strong>simili</strong></span> 
     </span>
     <span class='ocr_line' id='line_1_30' title="bbox 132 3858 467 3949; baseline -0.003 -24"><span class='ocrx_word' id='word_1_226' title='bbox 132 3859 224 3925; x_wconf 91' lang='lat' dir='ltr'><strong>modo</strong></span> <span class='ocrx_word' id='word_1_227' title='bbox 248 3858 467 3949; x_wconf 90' lang='lat' dir='ltr'><strong>supplendam.</strong></span> 
     </span>
    </p>

    <p class='ocr_par' dir='ltr' id='par_1_15' title="bbox 132 3978 1349 4554">
     <span class='ocr_line' id='line_1_31' title="bbox 177 3978 1312 4071; baseline 0.002 -26"><span class='ocrx_word' id='word_1_228' title='bbox 177 3982 253 4068; x_wconf 75' lang='lat' dir='ltr'><strong>Quis</strong></span> <span class='ocrx_word' id='word_1_229' title='bbox 284 3980 378 4046; x_wconf 87' lang='lat' dir='ltr'><strong>fuerit</strong></span> <span class='ocrx_word' id='word_1_230' title='bbox 410 3980 605 4071; x_wconf 87' lang='lat' dir='ltr'><strong>Nepotianus</strong></span> <span class='ocrx_word' id='word_1_231' title='bbox 627 3991 732 4044; x_wconf 90' lang='lat' dir='ltr'><strong>noster</strong></span> <span class='ocrx_word' id='word_1_232' title='bbox 755 3991 786 4044; x_wconf 89' lang='lat' dir='ltr'><strong>ct</strong></span> <span class='ocrx_word' id='word_1_233' title='bbox 810 3978 939 4059; x_wconf 88' lang='lat' dir='ltr'><strong>Victor,</strong></span> <span class='ocrx_word' id='word_1_234' title='bbox 966 3979 1005 4045; x_wconf 91' lang='lat' dir='ltr'><strong>ad</strong></span> <span class='ocrx_word' id='word_1_235' title='bbox 1029 4003 1123 4070; x_wconf 90' lang='lat' dir='ltr'><strong>quem</strong></span> <span class='ocrx_word' id='word_1_236' title='bbox 1147 3982 1312 4070; x_wconf 90' lang='lat' dir='ltr'><strong>epistolam</strong></span> 
     </span>
     <span class='ocr_line' id='line_1_32' title="bbox 132 4100 1310 4193; baseline 0.003 -27"><span class='ocrx_word' id='word_1_237' title='bbox 132 4103 193 4168; x_wconf 89' lang='lat' dir='ltr'><strong>sire</strong></span> <span class='ocrx_word' id='word_1_238' title='bbox 216 4101 443 4191; x_wconf 85' lang='lat' dir='ltr'><strong>praefationem</strong></span> <span class='ocrx_word' id='word_1_239' title='bbox 466 4100 572 4180; x_wconf 89' lang='lat' dir='ltr'><strong>dedit,</strong></span> <span class='ocrx_word' id='word_1_240' title='bbox 598 4101 791 4190; x_wconf 78' lang='lat' dir='ltr'><strong>ignoramus;</strong></span> <span class='ocrx_word' id='word_1_241' title='bbox 817 4114 901 4166; x_wconf 89' lang='lat' dir='ltr'><strong>reete</strong></span> <span class='ocrx_word' id='word_1_242' title='bbox 924 4101 1010 4166; x_wconf 89' lang='lat' dir='ltr'><strong>enim</strong></span> <span class='ocrx_word' id='word_1_243' title='bbox 1031 4101 1194 4193; x_wconf 89' lang='lat' dir='ltr'><strong>Kempfius</strong></span> <span class='ocrx_word' id='word_1_244' title='bbox 1210 4104 1310 4193; x_wconf 84' lang='lat' dir='ltr'><strong>prael.</strong></span> 
     </span>
     <span class='ocr_line' id='line_1_33' title="bbox 133 4220 1314 4313; baseline 0.001 -25"><span class='ocrx_word' id='word_1_245' title='bbox 133 4247 163 4313; x_wconf 91' lang='lat' dir='ltr'><strong>p.</strong></span> <span class='ocrx_word' id='word_1_246' title='bbox 190 4227 251 4302; x_wconf 87' lang='grc'><strong>69,</strong></span> <span class='ocrx_word' id='word_1_247' title='bbox 276 4222 499 4288; x_wconf 82' lang='lat' dir='ltr'><strong>demonstrarit</strong></span> <span class='ocrx_word' id='word_1_248' title='bbox 523 4220 651 4312; x_wconf 78' lang='lat' dir='ltr'><strong>Bergkii</strong></span> <span class='ocrx_word' id='word_1_249' title='bbox 672 4220 712 4288; x_wconf 90' lang='lat' dir='ltr'><strong>de</strong></span> <span class='ocrx_word' id='word_1_250' title='bbox 734 4221 796 4287; x_wconf 94' lang='lat' dir='ltr'><strong>illis</strong></span> <span class='ocrx_word' id='word_1_251' title='bbox 820 4222 1010 4311; x_wconf 86' lang='lat' dir='ltr'><strong>suspiciones</strong></span> <span class='ocrx_word' id='word_1_252' title='bbox 1033 4222 1215 4290; x_wconf 85' lang='lat' dir='ltr'><strong>incertiores</strong></span> <span class='ocrx_word' id='word_1_253' title='bbox 1248 4225 1314 4290; x_wconf 90' lang='lat' dir='ltr'><strong>imo</strong></span> 
     </span>
     <span class='ocr_line' id='line_1_34' title="bbox 132 4343 1314 4437; baseline 0.003 -27"><span class='ocrx_word' id='word_1_254' title='bbox 132 4343 217 4410; x_wconf 85' lang='lat' dir='ltr'><strong>haud</strong></span> <span class='ocrx_word' id='word_1_255' title='bbox 239 4343 419 4411; x_wconf 83' lang='lat' dir='ltr'><strong>verisimiles</strong></span> <span class='ocrx_word' id='word_1_256' title='bbox 442 4367 518 4408; x_wconf 88' lang='lat' dir='ltr'><strong>esse.</strong></span> <span class='ocrx_word' id='word_1_257' title='bbox 567 4343 634 4409; x_wconf 92' lang='lat' dir='ltr'><strong>Nec</strong></span> <span class='ocrx_word' id='word_1_258' title='bbox 657 4343 774 4409; x_wconf 90' lang='lat' dir='ltr'><strong>diutius</strong></span> <span class='ocrx_word' id='word_1_259' title='bbox 797 4344 830 4408; x_wconf 92' lang='lat' dir='ltr'><strong>in</strong></span> <span class='ocrx_word' id='word_1_260' title='bbox 858 4343 906 4409; x_wconf 90' lang='lat' dir='ltr'><strong>his</strong></span> <span class='ocrx_word' id='word_1_261' title='bbox 934 4343 1062 4411; x_wconf 86' lang='lat' dir='ltr'><strong>haerere</strong></span> <span class='ocrx_word' id='word_1_262' title='bbox 1089 4343 1191 4426; x_wconf 65' lang='lat' dir='ltr'><strong>luben</strong></span> <span class='ocrx_word' id='word_1_263' title='bbox 1220 4369 1314 4437; x_wconf 89' lang='lat' dir='ltr'><strong>prae·</strong></span> 
     </span>
     <span class='ocr_line' id='line_1_35' title="bbox 134 4464 1349 4554; baseline 0.001 -23"><span class='ocrx_word' id='word_1_264' title='bbox 134 4479 192 4531; x_wconf 91' lang='lat' dir='ltr'><strong>stat</strong></span> <span class='ocrx_word' id='word_1_265' title='bbox 221 4465 331 4531; x_wconf 88' lang='lat' dir='ltr'><strong>eadem</strong></span> <span class='ocrx_word' id='word_1_266' title='bbox 362 4465 503 4542; x_wconf 89' lang='lat' dir='ltr'><strong>ratione,</strong></span> <span class='ocrx_word' id='word_1_267' title='bbox 529 4486 591 4554; x_wconf 91' lang='lat' dir='ltr'><strong>qua</strong></span> <span class='ocrx_word' id='word_1_268' title='bbox 615 4488 707 4554; x_wconf 92' lang='lat' dir='ltr'><strong>supra</strong></span> <span class='ocrx_word' id='word_1_269' title='bbox 731 4487 804 4530; x_wconf 91' lang='lat' dir='ltr'><strong>usus</strong></span> <span class='ocrx_word' id='word_1_270' title='bbox 828 4488 896 4530; x_wconf 87' lang='lat' dir='ltr'><strong>sum</strong></span> <span class='ocrx_word' id='word_1_271' title='bbox 920 4464 1083 4532; x_wconf 90' lang='lat' dir='ltr'><strong>ostendere</strong></span> <span class='ocrx_word' id='word_1_272' title='bbox 1105 4466 1154 4532; x_wconf 87' lang='lat' dir='ltr'><strong>rel</strong></span> <span class='ocrx_word' id='word_1_273' title='bbox 1180 4468 1213 4531; x_wconf 88' lang='lat' dir='ltr'><strong>in</strong></span> <span class='ocrx_word' id='word_1_274' title='bbox 1236 4466 1315 4533; x_wconf 76' lang='lat' dir='ltr'><strong>futi-</strong></span> <span class='ocrx_word' id='word_1_275' title='bbox 1345 4497 1349 4505; x_wconf 94' lang='lat'><strong>·</strong></span> 
     </span>
    </p>
   </div>
   <div class='ocr_carea' id='block_1_4' title="bbox 135 4585 1311 4761">
    <p class='ocr_par' dir='ltr' id='par_1_16' title="bbox 135 4585 1311 4761">
     <span class='ocr_line' id='line_1_36' title="bbox 135 4585 1311 4669; baseline 0.002 -17"><span class='ocrx_word' id='word_1_276' title='bbox 135 4586 249 4652; x_wconf 90' lang='lat' dir='ltr'><strong>lissimo</strong></span> <span class='ocrx_word' id='word_1_277' title='bbox 283 4598 409 4654; x_wconf 87' lang='lat' dir='ltr'><strong>auctore</strong></span> <span class='ocrx_word' id='word_1_278' title='bbox 442 4585 631 4653; x_wconf 78' lang='lat' dir='ltr'><strong>conferendo</strong></span> <span class='ocrx_word' id='word_1_279' title='bbox 655 4586 739 4651; x_wconf 87' lang='lat' dir='ltr'><strong>hand</strong></span> <span class='ocrx_word' id='word_1_280' title='bbox 764 4587 886 4653; x_wconf 84' lang='lat' dir='ltr'><strong>irritum</strong></span> <span class='ocrx_word' id='word_1_281' title='bbox 910 4611 1017 4655; x_wconf 89' lang='lat' dir='ltr'><strong>meum</strong></span> <span class='ocrx_word' id='word_1_282' title='bbox 1040 4588 1133 4655; x_wconf 85' lang='lat' dir='ltr'><strong>fuisse</strong></span> <span class='ocrx_word' id='word_1_283' title='bbox 1156 4588 1311 4669; x_wconf 89' lang='lat' dir='ltr'><strong>laborem;</strong></span> 
     </span>
     <span class='ocr_line' id='line_1_37' title="bbox 1032 4707 1092 4761; baseline -0.017 0"><span class='ocrx_word' id='word_1_284' title='bbox 1032 4707 1092 4761; x_wconf 73' lang='lat'><strong>23*</strong></span> 
     </span>
    </p>
   </div>
   <div class='ocr_carea' id='block_1_5' title="bbox 0 0 1459 5144">
    <p class='ocr_par' dir='ltr' id='par_1_17' title="bbox 0 0 1459 5144">
     <span class='ocr_line' id='line_1_38' title="bbox 0 0 1459 5144; baseline 0 0"><span class='ocrx_word' id='word_1_285' title='bbox 0 0 1459 5144; x_wconf 95' lang='lat' dir='ltr'><strong> </strong></span> 
     </span>
    </p>
   </div>
  </div>
 </body>
</html>
