2888 5144
569 331 673 378 arras
697 332 840 380 sonrcrs.
1259 319 1300 380 ³1

113 516 237 570 ceteros
258 500 355 567 libros
376 499 496 567 saeculi
518 502 623 589 quinti
646 504 782 581 sentire,
805 524 889 593 qnae
912 503 983 569 ride
1005 506 1031 568 si
1054 504 1135 569 tanti
1152 519 1200 571 err
1218 505 1304 594 epod

115 621 357 709 summo,
380 623 438 711 qni
461 643 559 710 qnam
582 621 625 686 cb
649 643 776 686 causam
801 645 864 688 non
887 644 952 712 qne
973 645 1032 713 per
1053 637 1121 690 em
1138 623 1305 716 diligentia

114 745 204 810 bono
237 743 405 834 politicum
439 744 693 833 manuscriptum
727 745 954 811 eminuerit
990 746 1064 810 satis
1096 745 1207 811 mirari
1238 768 1303 812 non

113 886 256 954 possum.
304 862 398 949 Quod
432 875 540 929 antem
572 862 613 928 ad
647 875 783 932 aetatem
817 863 1031 931 definiendam
1059 865 1153 944 iacit,
1187 866 1305 933 menda

114 985 239 1050 librarii
271 1006 474 1072 erroresque,
508 986 574 1050 ianr
608 984 680 1052 ride
709 998 868 1075 quotquot
897 987 1029 1052 istorum
1052 988 1247 1067 invenerim,
1270 990 1305 1055 in

117 1104 298 1172 collatione
315 1128 407 1184 mer,
434 1128 517 1194 quae
539 1107 622 1172 inira
644 1109 789 1196 seqnitur
811 1119 882 1197 post
899 1129 1017 1197 pancos
1035 1107 1205 1188 coslocos,
1226 1131 1306 1199 qnos

116 1248 229 1292 senne
260 1225 386 1306 lnbuit,
415 1241 452 1293 nt
481 1231 516 1293 in
544 1228 736 1318 quibusdam
763 1228 875 1296 saltem
907 1243 1058 1320 appareat
1079 1230 1164 1296 band
1188 1253 1305 1299 renum

114 1370 223 1414 rnenrn
246 1348 342 1414 luisse
363 1349 517 1416 laborem.

536 1798 896 1867 casalvialolns

368 2028 413 2076 ΔΙ)
438 2028 651 2077 semrom
674 2029 882 2090 ollonnam
904 2029 1062 2078 Locorum

403 2243 630 2320 CICERONIS
653 2245 711 2320 llll
733 2243 793 2320 RE
816 2234 1019 2321 Planci.

621 2549 752 2616 uana
775 2549 802 2615 Ι.

166 2789 246 2883 Cap.
272 2793 300 2859 l.
327 2794 347 2878 §
375 2795 406 2861 1.
455 2791 731 2858 liberavissont.
780 2791 920 2858 Litterae
951 2800 990 2856 nt
1012 2792 1046 2856 in
1068 2813 1306 2884 monogramma

120 2913 326 2994 coaluerant,
361 2912 417 2981 sed
445 2915 526 3005 fugit
557 2927 768 2980 correctorem
799 2912 868 2979 lere
891 2912 986 2978 huius
1008 2913 1056 2979 rei
1077 2913 1250 2996 indicium,
1275 2928 1307 2984 et

120 3036 164 3101 sic
199 3037 375 3127 simplicem
410 3055 432 3101 rr
466 3035 573 3125 legens
604 3034 725 3101 addidit
753 3044 779 3101 t.
828 3033 933 3101 Simili
962 3034 1057 3100 modo
1089 3037 1107 3120 §
1138 3038 1182 3102 68
1212 3035 1307 3102 huius

120 3156 194 3223 libri
234 3157 338 3223 verbis
380 3165 484 3232 sunt,
533 3160 691 3221 existunt
722 3155 827 3222 littera
859 3164 874 3220 t
907 3156 1118 3246 suprascripta
1152 3169 1215 3237 est,
1252 3156 1308 3224 ubi

120 3277 248 3343 nullum
284 3289 413 3369 apparet
448 3276 602 3342 indicium
636 3277 935 3366 monogrammatis,
971 3299 1068 3365 quam
1102 3276 1143 3343 ob
1178 3301 1246 3344 rcrrr
1269 3300 1307 3345 cx

119 3398 279 3489 probabili
308 3399 489 3464 coniectura
512 3398 648 3488 primam
671 3419 802 3461 manum
825 3396 937 3462 eodem
958 3397 1031 3462 vitio
1055 3397 1116 3462 illis
1138 3397 1215 3464 locis
1237 3399 1308 3489 lap·

121 3543 187 3586 ram
219 3543 286 3587 esse
316 3533 439 3599 statuo,
468 3521 503 3585 in
535 3517 619 3608 quod
651 3529 810 3583 corrector
838 3516 900 3583 boc
922 3515 993 3582 loco
1014 3517 1112 3584 dedit.
1160 3518 1308 3585 Notanda

120 3655 195 3708 sant
222 3641 282 3708 ista
311 3642 434 3706 minora
463 3641 518 3720 iis,
555 3640 611 3729 qui
646 3637 685 3705 de
707 3639 861 3728 scriptura
884 3635 1021 3716 codicis,
1045 3661 1082 3705 er
1106 3661 1169 3728 quo
1192 3640 1307 3729 palim-

120 3776 243 3854 psestus
263 3761 437 3852 descriptus
461 3774 527 3841 est,
548 3761 709 3852 disputare
730 3759 842 3840 relint;
864 3759 906 3826 oi.
926 3781 998 3824 rrrox
1018 3757 1058 3826 ad
1078 3761 1152 3844 §8,
1176 3763 1229 3840 11,
1251 3763 1307 3829 64.

167 4008 186 4090 ς
218 4010 250 4071 3.
301 4002 551 4091 (laceraretur.
598 4003 697 4069 Miror
730 4001 851 4069 Maium
884 4012 955 4091 post
988 3999 1155 4090 repetitam
1191 4000 1307 4070 codicis

119 4126 290 4194 lectionem
312 4125 469 4213 scripsisse
488 4121 597 4190 «God.
619 4132 828 4212 quereiam»
851 4144 925 4188 nam
943 4121 1015 4187 lucc
1033 4120 1147 4187 clarius
1167 4124 1308 4191 cernitur

122 4245 302 4337 imperfecti
333 4244 527 4311 coniunctivi
551 4244 732 4309 terminatio
763 4244 797 4308 in
832 4243 899 4333 ipso
928 4242 1038 4308 limine
1061 4240 1129 4307 folii
1151 4244 1251 4326 versi,
1274 4257 1307 4314 ct

117 4368 221 4460 prima
245 4365 366 4457 syllaba
389 4367 422 4431 in
446 4365 510 4431 imo
533 4364 608 4430 folio
632 4377 729 4432 recto.

155 4630 181 4692 l)
207 4637 282 4690 Adde
297 4635 420 4687 Nourcou
437 4635 511 4687 truita
527 4634 558 4685 dc
574 4633 762 4699 Diplomatiqua
778 4634 814 4686 11.
832 4649 856 4700 p.
875 4637 924 4686 ³90
942 4647 994 4698 sqq.
