2888 5144
143 313 206 378 136
291 394 301 411 ‚
405 330 546 378 seucum
570 331 706 378 munim
731 333 777 378 iu
802 333 869 379 1uv.
898 331 968 379 siu.
996 314 1066 379 XV.

184 499 224 564 V.
256 502 313 564 27.
358 500 432 567 Nos
455 500 622 565 miranda
646 501 803 589 quidem,
828 501 867 568 da
890 526 923 568 aa
946 502 1008 568 hcc
1032 503 1075 568 ait
1099 503 1326 593 luvenalistt),

137 622 193 709 qui
222 621 256 685 in
288 594 432 710 Aegypto
465 621 611 687 militavit
634 635 667 689 et
690 646 727 689 ea
750 623 953 713 promittit⁴⁰)
980 647 1012 689 se
1033 623 1220 703 dicturum,
1246 648 1329 716 quae

136 742 202 830 ipse
225 741 349 807 viderit.
560 727 563 731 “

181 862 262 927 Ibid.
313 861 387 929 Sed
403 886 514 954 nuper
538 887 630 929 cons.
659 864 787 945 Iunco,
812 878 849 931 ut
872 868 977 932 vincta
1002 879 1032 931 et
1057 867 1143 932 lenta
1160 864 1329 931 videantur

134 1006 199 1048 esse
224 1006 305 1071 quae
328 982 469 1071 dioit⁴¹).

178 1103 216 1168 V.
242 1107 295 1169 28.
344 1104 451 1193 (gloss.
477 1104 634 1193 interlin.)
660 1128 767 1196 cuper
790 1106 884 1171 ultra.

176 1223 260 1291 Ibid.
314 1221 429 1314 Super
464 1224 606 1290 calidae
637 1224 829 1311 referemus
858 1229 993 1290 moenia
1022 1224 1172 1316 Captae,
1204 1225 1327 1292 calidae

131 1357 290 1410 aestuosae
314 1357 368 1409 aut
390 1344 579 1424 iracundae,
606 1343 725 1433 Coptae
750 1357 855 1411 autem
877 1347 985 1412 civitas
1010 1347 1157 1437 Aegypti.

174 1465 214 1531 V.
241 1470 296 1531 29.
326 1462 537 1543 Uolkanalia,
551 1465 773 1531 calceamentis
785 1466 910 1554 tragicis
919 1465 977 1552 ⁴²),
999 1488 1136 1554 quorum
1149 1466 1326 1558 Sophocles

126 1588 282 1651 inventor.
331 1585 427 1675 Verg.
465 1584 549 1672 [Εοί.
584 1585 673 1651 VIII.
709 1585 763 1672 10]
800 1586 897 1651 «sola
927 1584 1138 1675 Soph[0]cle0
1171 1599 1226 1653 tua
1253 1611 1324 1653 car·

126 1708 213 1772 mina
236 1706 348 1795 digu[a
372 1705 558 1794 cothurno.]
572 1731 593 1770 >a

171 1827 211 1892 V.
250 1830 304 1892 31.
360 1827 490 1893 Nullus
525 1827 623 1918 apud
656 1831 812 1916 tragicos
839 1828 994 1918 populus
1037 1826 1201 1915 facit⁴³),
1239 1852 1325 1894 unus

125 1948 211 2014 enim
239 1946 322 2012 solus
353 1947 403 2012 vel
434 1970 509 2012 cum
531 1949 640 2038 paucis
664 1947 803 2013 admittit
812 1947 854 2033 44)
880 1947 1001 2026 scelus,
1026 1960 1090 2012 no'n
1114 1948 1239 2038 integer
1261 1972 1323 2039 po·

125 2068 271 2160 pulus⁴⁵)
297 2080 328 2134 et
352 2069 472 2134 civitas.

171 2189 209 2252 V.
235 2192 288 2254 35.
330 2186 452 2253 Umbcs
473 2197 506 2252 et
521 2189 695 2275 Tentyra,
717 2190 855 2254 narratio
865 2189 908 2277 46)
934 2201 980 2254 est
1005 2201 1037 2254 et
1059 2188 1135 2254 crdo
1148 2190 1320 2257 interfini-

124 2308 268 2392 timos⁴⁷)
301 2308 421 2375 Umhos
452 2321 484 2374 et
515 2308 653 2397 Tentyra
661 2309 719 2397 4ῑ’);
756 2283 951 2375 accusativus
974 2308 1107 2398 pluralis
1119 2307 1161 2397 ⁴⁹)
1188 2323 1256 2391 est,
1281 2326 1321 2378 ut

125 2431 334 2519 Maenala⁵⁰);
360 2443 433 2495 sunt
456 2442 563 2496 autem
583 2430 704 2498 Umbos
727 2444 759 2498 et
782 2431 972 2520 senapin)
998 2432 1140 2497 civitates
1165 2429 1316 2521 Aegypti.

130 2638 321 2653 ..nn—-

162 2731 211 2802 39)
236 2728 376 2783 iuvenales.
412 2732 462 2801 40)
485 2728 631 2803 promittet.
671 2732 719 2801 41)
741 2727 817 2783 dicet.
857 2732 906 2800 42)
929 2728 1045 2783 coturnis
1064 2727 1243 2784 calciamentis
1261 2737 1317 2784 tra·

124 2825 215 2898 gaecis.
261 2826 309 2895 43)
336 2832 401 2897 aput
427 2823 577 2897 trhagoccos
606 2822 717 2898 popalus
745 2821 820 2877 facet.
870 2825 918 2894 44)
944 2819 1078 2879 admittet.
1126 2825 1176 2894 45)
1196 2823 1313 2898 popolus.

124 2922 173 2989 46)
192 2919 295 2973 tinturu
313 2918 435 2974 narrasic.
475 2920 523 2991 47)
541 2906 688 2973 finelemos.
725 2917 773 2987 48)
792 2922 918 2994 Tyntura.
957 2918 1005 2987 49)
1029 2914 1155 2990 plurales.
1191 2920 1240 2989 50)
1258 2936 1315 2972 me·

124 3013 192 3069 nula.
232 3018 280 3086 51)
300 3023 421 3069 tuntura.
