2888 5144
330 328 442 374 maor.
469 326 538 373 sar.
564 309 648 374 XIV.
674 308 866 374 323—331.
892 305 960 370 XV.
989 309 1109 374 1-43,
1250 314 1314 376 133

127 500 279 589 quoniam
309 498 385 561 facit
417 496 456 561 od
486 497 593 562 locum
621 494 661 561 de
692 495 879 576 scholiastis3
911 494 950 561 de
978 496 1026 561 his
1057 508 1093 560 ut
1125 497 1182 561 riri
1213 497 1314 577 docti,

129 621 185 709 qui
226 620 260 684 in
290 618 351 684 hoc
382 620 569 707 scriptorum
603 640 718 706 genere
749 616 788 682 de
829 618 989 707 proposito
1025 631 1206 698 versantur,
1243 642 1318 708 pro-

126 741 295 818 nuntient,
326 739 415 804 lubet
444 740 512 828 ipsa
542 737 726 804 scholiastae
755 737 850 803 rerba
879 738 1026 803 exhibere
1055 739 1177 803 etiamsi
1200 742 1317 829 partim

125 860 259 939 mutila,
284 874 412 949 propter
433 860 628 950 palimpsesti
651 871 817 938 naturam,
842 860 875 922 in
900 859 1015 948 quibus
1039 859 1220 948 supplendis
1239 861 1317 928 doc·

126 982 221 1046 tiores
253 1004 332 1070 pace
362 1003 432 1045 mea
460 978 624 1045 desudent.
680 978 781 1044 Maius
805 979 934 1067 quidem
958 981 1074 1069 sprevit
1098 981 1175 1059 ista,
1200 983 1317 1071 quippe

117 1124 209 1190 quae
247 1102 363 1190 partim
400 1123 475 1166 cum
505 1099 596 1165 editis
625 1112 822 1188 congruant,
860 1099 913 1165 sed
944 1113 1073 1189 propter
1103 1100 1187 1167 banc
1218 1103 1318 1191 ipsam

126 1244 255 1287 eausam
286 1220 434 1309 equidem
465 1220 621 1286 contendo
650 1220 771 1309 publici
802 1221 878 1285 iuris
908 1220 963 1285 illa
987 1244 1053 1287 esse
1075 1222 1235 1300 facienda3
1261 1224 1319 1288 ali-

127 1341 204 1431 quid
236 1342 316 1407 lucis
346 1363 383 1406 ex
405 1339 467 1406 hoc
491 1342 613 1405 etiamsi
637 1341 731 1406 unico
754 1341 830 1406 folio
854 1341 984 1431 affulget
1007 1341 1158 1409 historiae
1182 1334 1328 1409 scholi0-'

126 1486 200 1527 rum
230 1462 292 1526 nisi
323 1461 437 1550 glossas
469 1461 587 1539 maris,
612 1463 728 1551 partim
754 1463 840 1526 enim
863 1461 948 1527 idem
969 1464 1150 1542 continent,
1176 1465 1261 1553 quod
1285 1465 1318 1529 in

126 1583 319 1650 editionibus
338 1595 453 1660 exstat,
479 1582 595 1671 partim
624 1581 763 1661 diversa,
793 1584 909 1671 partim
938 1583 977 1647 ad
1001 1583 1078 1649 alios
1104 1607 1206 1650 versus
1230 1585 1319 1651 exhi·

126 1705 205 1770 bent
230 1703 465 1780 adnotationes,
492 1726 569 1791 quas
596 1703 629 1767 in
653 1703 742 1767 nulla
763 1702 901 1769 editione
925 1705 1079 1784 invenies3
1108 1707 1196 1793 atqui
1219 1707 1318 1772 inser·

127 1827 192 1890 viat
227 1824 289 1890 hoc
318 1825 477 1913 specimen
510 1823 549 1888 ad
580 1823 826 1912 dignoscendam
861 1824 1052 1890 scholiorum
1082 1827 1256 1906 rationem,
1289 1841 1320 1893 et

128 1934 322 2011 secernenda
352 1945 406 2009 illa
438 1969 455 2009 a
485 1944 670 2010 futilissimis
703 1945 915 2034 glossematis,
957 1968 1038 2033 quae
1070 1947 1185 2027 lector,
1219 1949 1320 2036 qualis

128 2068 244 2132 nostris
275 2067 469 2155 temporibus
499 2065 683 2131 quenalem
719 2065 861 2145 evolvat,
898 2089 962 2130 non
990 2067 1155 2148 doceatur;
1182 2069 1320 2158 denique

128 2190 217 2253 testis
251 2187 429 2277 proferatur
463 2188 513 2265 ei,
549 2187 605 2276 qui
637 2185 676 2251 de
710 2188 908 2275 grammatici
942 2190 1128 2255 auctoritate
1160 2189 1320 2278 disputare

127 2309 219 2376 uelit.

645 2497 812 2510 -ι--ι-

382 2667 565 2737 scotomi
588 2666 768 2735 INEBITA
793 2666 850 2732 ln
874 2667 963 2734 slr.
989 2670 1075 2735 XIV.

178 2912 219 2977 V.
261 2914 338 2976 325.
384 2908 485 2974 Haec
518 2933 648 2998 quoque
680 2913 715 2974 si
745 2933 867 3000 rugam
900 2912 1035 2989 trahit,
1068 2910 1100 2976 id
1124 2923 1170 2976 est
1192 2913 1218 2976 si
1240 2913 1319 2979 haec

131 3032 228 3098 tristis
242 3030 266 3118 1)
292 3030 350 3095 tibi
375 3053 496 3095 summa
519 3043 585 3109 cst,
611 3031 669 3097 etsi
692 3031 773 3096 haec
794 3055 868 3123 cum
890 3031 1118 3120 indignatione.

225 3151 318 3218 Gonf.
352 3150 432 3216 Iahn
462 3175 495 3240 p.
529 3155 594 3216 376
629 3176 660 3219 r.
686 3155 749 3231 24,
776 3154 832 3241 qui
854 3165 938 3218 recte
964 3153 1093 3241 quidem
1115 3153 1178 3218 duo
1202 3154 1320 3221 scholia

269 3293 373 3338 versus
409 3275 473 3336 325
509 3284 540 3336 et
560 3275 641 3336 -326
677 3271 837 3350 distinxit,
874 3273 926 3337 sed
961 3273 1052 3363 lapsu
1086 3276 1323 3364 typothetarum

268 3394 358 3458 uncis
388 3393 509 3458 inclusa
542 3404 614 3456 sunt
650 3393 740 3478 [325.
772 3391 809 3458 S1
840 3413 957 3460 nocam
989 3397 1151 3483 rutulr],
1185 3421 1259 3463 nam
1283 3398 1322 3464 de

270 3537 325 3579 suo
350 3512 469 3579 addidit
492 3512 608 3578 editor:
636 3517 701 3577 326
727 3511 819 3578 Soun
843 3533 927 3580 noos
950 3535 1098 3594 noorrns.

179 3636 217 3701 V.
245 3639 323 3701 326.
372 3635 447 3700 Fac
472 3643 496 3700 t.
522 3633 555 3698 id
578 3646 624 3699 est
647 3634 698 3699 fac
722 3635 871 3700 sestertia.

236 3781 257 3821 ›>
373 3754 644 3843 Quadringenta
658 3755 706 3841 ²),
731 3755 833 3821 idest
857 3757 1049 3845 octingenta.

178 3879 219 3944 V.
246 3882 324 3944 327.
374 3874 417 3942 Si
440 3874 659 3966 panditffl)
692 3877 790 3940 ultra
812 3881 1004 3965 gremium,
1028 3879 1099 3968 plus
1124 3903 1219 3967 quam
1244 3879 1323 3947 desi·

136 3990 234 4068 deras.

179 4123 219 4188 V.
247 4124 325 4186 328.
374 4119 446 4185 Nec
481 4117 604 4184 Croesi
615 4116 640 4205 4)
659 4119 812 4205 fortuna
836 4141 1005 4207 umquam.
1055 4118 1246 4206 Croesus,⁵)
1272 4125 1324 4189 cui

139 4241 232 4310 Solon
256 4242 352 4308 dixit:
385 4237 464 4327 [ὅραι]
491 4239 579 4312 τέλος
599 4244 716 4321 μακροῦ
737 4240 862 4328 diff),
886 4241 918 4305 id
938 4254 985 4306 est
1003 4241 1222 4309 definitionem
1244 4229 1323 4310 ritae

139 4413 298 4431 ...ι-ιι·-

823 4427 842 4467 fl

172 4541 352 4594 Lecrronrs
376 4541 562 4594 Vnnrrris:
620 4534 650 4609 ¹1)
679 4538 774 4593 tristes.
844 4543 874 4612 2)
897 4540 1064 4618 quadrigena.
1134 4544 1164 4613 3)
1184 4541 1321 4616 pandetur.

140 4629 166 4701 l)
184 4631 295 4687 chroesi.
335 4638 366 4706 5)
382 4633 518 4689 chronon.
559 4632 589 4702 6)
608 4631 764 4706 ωΑωμὼιο.
