2888 5144
509 322 693 370 serrarum
719 322 858 369 conrors.
1258 311 1279 370 9

93 499 226 562 istorum
253 494 419 559 hominum
439 491 588 559 defendas
607 515 764 558 morosam
788 495 1031 558 inconstantiam
1056 506 1124 558 tum
1156 495 1188 559 in
1212 493 1281 573 bis,

95 630 164 681 tum
188 615 220 678 in
246 612 335 690 aliis,
368 612 520 678 voeabula
542 613 613 678 solo
632 612 716 679 male
739 612 872 679 dissecta
895 625 950 679 aut
973 615 1124 680 miserum
1147 616 1180 679 in
1212 638 1282 680 mo-

95 738 173 802 dum
195 714 319 800 duobus
343 733 482 800 versibus
501 732 691 814 distributa,
716 756 778 823 qua
802 736 836 799 in
854 758 890 799 re
907 758 1033 824 prorsus
1056 734 1166 802 eadem
1184 737 1283 802 offen·

96 857 142 923 dit
161 855 376 944 negligentia,
391 878 498 944 quam
513 856 612 923 nolite
630 855 778 921 fallacem
795 854 910 920 ducem
925 857 1034 944 sequi,
1059 869 1095 922 ut
1113 880 1130 921 a
1155 857 1282 946 quibus·

96 978 170 1042 darn
189 977 310 1041 factum
327 997 393 1041 esse
413 977 489 1041 scio.
526 976 668 1041 Praestat
687 998 761 1042 eum
776 975 972 1065 palimpsesti
990 977 1089 1041 nostri
1108 991 1283 1046 correctore

87 1096 267 1165 ¹emendare
302 1096 447 1162 absurda·
471 1098 530 1162 ista
561 1110 656 1186 atque
695 1098 734 1162 ad
769 1110 889 1162 certam
918 1120 1071 1162 normam
1107 1099 1281 1180 recudere;

98 1241 194 1309 penes
218 1215 353 1283 editores
370 1218 455 1282 enim
475 1231 522 1282 est
544 1241 619 1282 sana
638 1219 760 1284 ratione
776 1216 888 1284 ductos
907 1219 1195 1306 manuscriptorum
1216 1233 1285 1286 turn

99 1337 253 1404 vocabula
283 1350 353 1402 tum
377 1338 547 1402 sententias
570 1336 774 1426 distinguere.
823 1337 892 1402 Hoc
916 1338 1065 1403 ultimum
1089 1339 1128 1405 de
1156 1341 1285 1429 politico

100 1481 229 1548 quoque
252 1457 360 1524 codice
382 1457 504 1523 dictum
520 1458 675 1546 accipias,
700 1481 775 1523 nam
794 1457 904 1537 bacin
928 1481 962 1524 re
980 1481 1042 1547 qua
1060 1473 1107 1524 est
1126 1462 1285 1542 socordia,

99 1581 247 1647 librarius
279 1579 489 1669 negligentius
512 1579 576 1668 egit
588 1628 597 1658 ,
628 1590 663 1643 ut
687 1578 789 1645 Maius
808 1581 933 1645 monuit
956 1602 1029 1670 pag.
1051 1599 1114 1646 nx:
1142 1605 1286 1671 «pausas

100 1699 187 1767 houd
208 1723 281 1766 raro
305 1723 476 1790 apparere,
509 1722 623 1789 nempe
645 1712 802 1789 puuctum
827 1699 985 1788 quoddam
1010 1723 1176 1766 recurvum
1200 1701 1285 1769 iusta

101 1821 226 1888 litterae
248 1821 484 1898 summitatem,
510 1819 719 1908 quodvtamen
738 1820 773 1884 in
793 1819 961 1885 Frontonis
979 1819 1088 1887 codice
1110 1821 1213 1887 multo
1237 1845 1287 1887 ac·

102 1942 532 2031 curatius-‘frequentiusque
559 1941 637 2006 fit.»
692 1938 792 2029 Atqui
820 1940 936 2005 iniuria
968 1941 1111 2029 queritur
1142 1941 1287 2009 Osannus

103 2086 174 2154 pag.
188 2082 265 2143 ΧΠ,
292 2061 336 2128 'de
353 2065 459 2152 pausis
485 2062 653 2152 punctisve
682 2062 729 2126 nil
759 2062 879 2128 Maium
911 2061 1096 2142 adnotasse,
1132 2064 1179 2128 sin
1206 2064 1287 2129 forte

102 2186 300 2254 desiderabat
319 2187 462 2251 omniurn
475 2190 672 2275 punctorum
683 2185 723 2248 'in
740 2185 899 2250 Varietate
911 2185 1056 2251 lectionis
1071 2185 1286 2261 notationem,

102 2308 237 2373 nimiam
261 2306 391 2396 optabat
413 2306 486 2384 ille,
512 2328 586 2370 nam
608 2309 793 2394 persuasum
809 2304 894 2370 mihi
913 2314 959 2370 est
978 2327 1034 2370 nos
1055 2306 1184 2371 omnino
1208 2304 1287 2371 nibil

99 2450 140 2494 ex
165 2429 298 2498 istarum
325 2426 482 2515 farragine
509 2425 626 2491 lucrari
648 2449 757 2515 posse,
790 2425 937 2490 librarius
964 2438 1028 2491 tam
1055 2425 1138 2490 male
1162 2414 1288 2491 sedulus

102 2561 170 2614 erat
190 2547 252 2613 hoc
271 2548 419 2625 nomine,
445 2558 480 2611 ut
496 2558 583 2635 grato
604 2547 709 2611 animo
727 2546 804 2612 Maii
819 2545 989 2635 adspiciam
1008 2546 1199 2623 editionem,
1225 2568 1289 2634 qua

103 2691 203 2736 omue—
231 2668 347 2735 codicis
377 2679 533 2757 punctum
564 2667 703 2747 sustulit;
733 2666 874 2756 denique
903 2665 1079 2756 spernenda
1108 2677 1181 2731 sunt
1207 2667 1286 2745 ista,

102 2789 275 2854 dummodo
289 2788 576 2879 probe-teneamus
592 2800 734 2853 nostrum
754 2811 821 2854 esse
840 2788 888 2853 ius
908 2788 1077 2853 sententias
1097 2786 1288 2876 distinguere

104 2923 200 2999 atque
219 2910 388 2990 dissecare,
414 2911 446 2975 id
467 2924 513 2976 est
532 2932 731 3001 summopere
751 2903 894 2976 diffidere
912 2933 1077 3000 possumus
1104 2910 1231 3000 punctis
1255 2911 1288 2975 iu

101 3030 313 3110 editionibus,
335 3030 450 3120 quibus
461 3032 594 3096 meliora
606 3031 796 3098 substituere
808 3030 977 3110 debemus,
996 3030 1090 3097 modo
1102 3054 1136 3097 re
1152 3054 1225 3097 uera
1238 3054 1288 3098 re·

101 3153 251 3218 stituatur
275 3155 546 3219 auotorisrnanus.
597 3153 748 3218 Eraratus
768 3165 814 3218 est
838 3165 944 3219 autern
957 3153 1053 3220 codex
1065 3153 1289 3243 scripturaad·

102 3298 142 3340 eo
165 3275 336 3354 continua,
363 3287 398 3340 ut
421 3274 471 3339 rel
499 3273 653 3340 voeabula
676 3298 739 3340 uno
763 3287 872 3340 tenore
896 3287 1040 3353 exarata,
1065 3298 1130 3339 nou
1153 3273 1289 3339 discreta

103 3406 289 3485 appareant3
305 3393 359 3459 sed
378 3393 463 3458 haud
476 3394 540 3459 scio
561 3417 601 3459 an
620 3407 706 3461 recte
718 3395 820 3461 Maius
839 3395 938 3461 hocce
949 3396 1112 3485 proprium
1130 3394 1289 3484 quoddam

103 3517 378 3606 palimpsestorum
407 3515 565 3607 posuerit,
599 3514 753 3605 siquidem
777 3515 838 3581 huc
869 3517 902 3580 iu
934 3538 967 3581 re
991 3529 1126 3581 nonest
1150 3538 1207 3581 our
1238 3538 1289 3581 eos

104 3661 121 3701 a
154 3637 264 3703 ceteris
296 3634 456 3700 codicibus
488 3633 629 3700 eiusdem
653 3636 762 3701 aetatis
793 3636 1041 3726 distinguamus,
1079 3637 1135 3725 qui
1166 3636 1290 3702 favente

103 3759 231 3824 fortuna
254 3755 397 3845 rescripti
419 3777 483 3819 non
504 3768 588 3820 sunt.
636 3751 766 3821 Constat
786 3768 891 3822 autem
910 3756 1079 3846 Virgilium
1099 3756 1290 3821 Vaticanum

105 3879 162 3943 ΝΟ.
190 3881 297 3956 3867,
324 3877 401 3943 Silv.
424 3876 488 3942 tab.
516 3880 579 3955 60,
600 3877 725 3942 saeculo
746 3890 859 3966 quarto
880 3879 1003 3943 rusticis
1024 3878 1205 3944 maiusculis
1225 3899 1291 3944 esse

104 4012 283 4077 exaratum,
313 3999 368 4087 qui
391 4011 427 4063 ut
448 3998 596 4088 Virgilius
621 3997 784 4064 Mediceus
799 4021 850 4064 me
866 3998 977 4064 saltem
993 3998 1096 4064 iudice
1116 4021 1152 4065 er
1180 3995 1291 4064 eodem

105 4144 181 4187 aero
204 4121 247 4186 ita
272 4132 319 4184 est
342 4120 502 4208 scriptus,
519 4133 555 4184 ut
578 4118 701 4208 singula
724 4119 877 4185 vocabula
900 4120 1026 4208 punctis
1050 4133 1266 4186 secernantur.

152 4242 347 4308 Punctorum
379 4241 539 4306 mentione
576 4241 660 4306 facta
688 4243 834 4330 sequitur
865 4254 900 4306 ut
931 4239 970 4306 de
998 4241 1066 4306 aliis
1102 4241 1291 4330 quibusdam

104 4364 230 4442 dicam,
249 4385 331 4451 quae
342 4362 477 4427 litterae:
498 4384 520 4425 u
534 4363 746 4451 'suprascripta
759 4363 805 4427 nil
822 4363 943 4427 faciunt
964 4360 1002 4426 ad
1023 4361 1292 4430 eamdi'scernen-

105 4485 178 4550 dam
203 4509 220 4548 a
247 4494 440 4549 consonante
463 4481 602 4547 eiusdem
626 4483 763 4562 formae,
788 4505 862 4547 nam
885 4483 974 4547 nulla
998 4484 1166 4573 excogitari
1190 4498 1291 4574 potest

104 4605 214 4695 regula
234 4619 288 4670 aut
307 4617 390 4671 certa
404 4605 493 4670 ratio.
543 4604 612 4670 Neo
631 4606 784 4694 perspicio
806 4604 989 4672 curlittera:
1013 4627 1031 4671 t
1051 4629 1291 4694 nonnumquam
