2888 5144
329 839 396 955 M.
456 839 673 957 TULLII
730 837 1066 954 CICERONIS

472 1117 540 1207 nn
576 1117 643 1207 nn
677 1117 906 1241 runnron

235 1371 400 1446 CODEX
431 1368 833 1444 PALIMPSESTUS
863 1368 1159 1443 vaticanus,

592 1674 807 1730 -Θὶὒῧῢ-

529 1931 860 2002 taratantara.

146 2160 296 2228 Nondum
327 2161 520 2227 satisfactum
557 2173 603 2226 est
634 2162 716 2225 iusto
740 2181 849 2225 corum
881 2158 1055 2246 desiderio,
1089 2165 1144 2251 qui
1175 2187 1288 2232 novam

41 2330 45 2354 .
101 2296 195 2372 atquc
219 2294 399 2347 accuratam
422 2279 720 2347 illorum'eodicum
738 2280 1010 2368 investigationem
1030 2283 1202 2370 optabilem
1222 2309 1288 2352 esse
1322 2336 1323 2340 ,

102 2415 308 2480 censuerunt,
341 2426 378 2468 ex
402 2403 517 2492 quibus
545 2413 593 2467 tot
616 2413 712 2489 atque
735 2413 831 2465 tanta.
851 2423 934 2466 nora
957 2413 1052 2490 atque
1080 2403 1198 2469 inedita
1221 2405 1288 2473 dn·

100 2526 187 2616 gelus
210 2525 309 2590 Maius
333 2525 506 2614 protraxit;
534 2523 677 2588 classicos
700 2521 771 2587 volo
794 2544 971 2610 cortinaque
984 2523 1189 2612 ‘fragmentm
1216 2528 1289 2614 qui.

100 2646 157 2711 bus
187 2670 255 2712 rem
289 2646 452 2737 publicam
486 2645 663 2710 litterarum
698 2642 809 2708 ditavit
839 2643 1017 2709 fortunatus
1048 2645 1102 2710 ille
1132 2646 1287 2712 librorum

100 2768 387 2857 manuscriptorum
417 2777 649 2856 perscrutator,
684 2764 866 2829 Tullianum
896 2763 935 2829 de
967 2764 1013 2830 Re
1046 2765 1178 2832 Publica
1208 2791 1286 2858 opus

100 2887 190 2966 dico,
235 2886 444 2954 Scholiastem
480 2885 689 2962 Bobiensem‚
726 2883 893 2949 Frontonis
930 2886 1104 2975 Epistolas,
1146 2901 1286 2968 ceteros,

101 3031 177 3097 quos
208 3007 295 3073 baud
315 3007 443 3097 illepide
468 3005 523 3072 Dis
552 3006 710 3070 minorum
741 3006 885 3093 gentium
909 3029 1152 3096 nonnumquam
1183 3010 1288 3076 audivi

100 3128 332 3240 adnumeratas.
381 3127 469 3194 Nihil
493 3129 578 3192 enim
603 3127 635 3191 in
659 3126 720 3191 illis
745 3128 893 3215 antiquae
917 3129 1089 3217 scripturae
1113 3129 1287 3197 documen-

99 3250 136 3315 tis
156 3251 224 3316 leve
246 3273 353 3340 neque
371 3246 604 3340 spernendum,
631 3248 674 3312 sic
691 3247 761 3326 isti,
787 3259 819 3313 ct
835 3260 920 3313 recte
940 3250 1090 3328 omnino,
1116 3249 1287 3318 dummodo

99 3369 137 3436 de
161 3370 269 3437 codice
293 3371 482 3459 perantiquo
508 3381 618 3458 agatur
642 3380 696 3433 aut
719 3367 759 3435 de
782 3368 819 3432 iis
842 3369 984 3457 scriptis,
1011 3393 1093 3458 quae
1117 3372 1192 3436 Maii
1214 3372 1288 3438 dili·

100 3493 205 3582 gentia
233 3491 451 3581 industriaque
480 3490 600 3556 inedita
632 3513 697 3555 esse
728 3489 888 3556 desierint.
937 3490 1016 3557 Prae
1040 3493 1151 3557 ceteris
1181 3506 1286 3560 autern

100 3613 223 3679 inedita
247 3635 337 3678 curas
361 3611 513 3678 secundas
537 3611 723 3699 requirnnt,
746 3622 782 3676 ut
804 3611 906 3674 omnis
925 3609 1084 3676 'dubitatio
1107 3612 1287 3681 tollatu'bet

98 3732 138 3800 de
162 3735 316 3822 scriptura
339 3733 413 3799 libri
436 3732 642 3821 manuscripti
666 3742 788 3798 constet
811 3731 848 3796 iis
871 3733 1056 3820 praesertim
1073 3733 1106 3798 in
1130 3735 1228 3814 locis,
1254 3737 1287 3802 in

97 3855 214 3944 quibus
237 3853 445 3921 emendandis
464 3854 523 3918 riri
547 3852 632 3917 docti
656 3852 899 3918 desudaverunt.
949 3853 1017 3919 Nec
1040 3855 1216 3943 spernenda
1236 3857 1287 3922 in-

99 3989 260 4042 crementa
284 3977 358 4041 libri
376 3976 514 4041 Tulliani
534 3987 702 4064 apparatus
723 3975 870 4049 criticuS,
897 3997 991 4063 quem
1016 3990 1149 4056 vocant,
1174 3991 1286 4044 nactus

98 4111 146 4164 est
168 4121 206 4163 cr
224 4098 358 4188 repetita
384 4096 553 4186 Augustini
575 4095 691 4161 codicis
714 4095 868 4174 lectione,
894 4095 952 4159 sub
973 4096 1062 4160 cuius
1083 4094 1287 4165 Commenta-

99 4218 152 4282 riis
172 4240 267 4306 super
290 4217 429 4282 Psalmos
450 4216 593 4281 latebant
618 4214 784 4282 Ciceronis·
803 4215 842 4280 de
862 4214 909 4280 Re
929 4215 1061 4284 Publica
1080 4217 1170 4296 libri,
1191 4243 1286 4307 quam
1356 4207 1357 4211 Ἰ

98 4338 234 4403 instituit
263 4315 347 4404 idem
370 4339 424 4403 illc
449 4338 588 4427 Angelus
612 4337 733 4416 Maius,
768 4338 819 4401 cui
844 4336 1018 4424 contigerat
1041 4361 1093 4403 cos
1118 4340 1149 4404 in
1181 4341 1286 4406 lucem

97 4481 257 4524 revocare.
308 4459 349 4523 Et
368 4458 417 4524 vel
438 4459 481 4522 sic
501 4470 607 4522 tamen
625 4480 689 4522 non
707 4457 847 4522 contenti
863 4470 952 4522 erant
973 4459 1038 4537 illi,
1064 4460 1181 4549 quibus
1199 4483 1286 4527 conr-

98 4560 225 4667 pertum
251 4591 317 4644 crat
343 4593 476 4668 quantas
500 4577 637 4644 mcdelas
663 4578 843 4665 Polybianis
867 4579 1028 4668 lircerptis
1055 4580 1214 4647 Vaticanis
1239 4593 1287 4646 at-

1084 4706 1097 4754 1
