2888 5144
336 1050 604 1142 ΕΡΙΤΟΜΑΕ
637 1050 795 1142 ARTIS
831 1049 1097 1146 Murmura

486 1249 710 1326 LECTIONIS
734 1249 953 1326 VARIETAS

307 1423 363 1489 ux
390 1421 549 1490 CODICE
574 1419 795 1490 vtrrcttto
820 1422 915 1489 ΜΤ.
945 1423 1002 1490 Nl.
1030 1428 1129 1489 4929.

635 1690 811 1716 -υΜΜικ-ι

170 1927 271 1993 Inscr.
299 1925 421 1992 Aurelii
490 1925 600 1991 Aureli
623 1948 717 1993 eras.
737 1924 743 2017 Ι
765 1926 933 2017 Augustini
1002 1906 1084 2018 Αιιέ.

172 2046 250 2137 Gap.
278 2046 292 2112 Ι
317 2046 456 2113 Musicae
480 2046 637 2112 definitio.
684 2047 831 2113 Desunt.
879 2071 909 2114 r.
932 2051 951 2113 5
976 2048 1032 2137 qui
1054 2058 1159 2113 motus
1205 2047 1315 2120 liubr.

172 2166 251 2257 Gap.
277 2167 327 2234 III
349 2174 426 2234 v.5
463 2169 570 2257 aliqua
594 2166 650 2232 sibi
721 2167 780 2232 sibi
805 2167 910 2256 aliqua
953 2165 960 2257 Ι
1002 2193 1030 2242 r.
1058 2176 1096 2234 11
1133 2169 1162 2235 II
1187 2169 1226 2234 ad
1250 2171 1316 2236 IIII

124 2286 154 2352 ll
185 2300 217 2355 et
248 2289 314 2354 1111
353 2286 359 2378 Ι
398 2311 427 2353 r.
465 2291 505 2353 13
541 2286 607 2352 IIII
639 2285 678 2350 ad
710 2287 756 2352 XI
823 2287 890 2353 IIII
914 2301 945 2354 et
969 2289 1015 2354 XI
1045 2286 1057 2379 Ι
1085 2312 1114 2355 v.
1143 2294 1183 2354 16
1219 2289 1316 2357 habet

125 2410 281 2475 minorem
351 2432 425 2474 cum
455 2399 551 2473 habet
583 2405 588 2496 Ι
622 2429 650 2472 r.
683 2409 721 2472 17
747 2406 776 2472 II
801 2407 839 2472 ad
863 2401 922 2473 IIII
991 2408 1020 2474 Il
1042 2388 1146 2475 'altit
1178 2407 1183 2499 Ι
1214 2434 1245 2476 v.
1273 2415 1314 2475 19
1368 2379 1376 2395 ⁶

128 2553 192 2619 qua
215 2554 286 2621 pars
355 2551 427 2620 pars
451 2551 513 2618 qua

174 2650 252 2742 Gap.
276 2649 323 2718 lv
348 2675 375 2716 r.
406 2655 446 2715 14
482 2661 568 2715 extra
592 2670 701 2739 capac.
773 2649 855 2714 ultra
880 2673 986 2740 capae.

173 2771 252 2862 Gap.
277 2770 306 2835 V
331 2794 359 2838 r.
386 2776 406 2837 3
435 2771 579 2861 posueris,
642 2770 723 2835 forte
742 2771 881 2858 posueris
912 2767 918 2859 Ι
949 2793 977 2835 r.
1001 2774 1019 2835 7
1043 2771 1117 2860 quia
1139 2770 1194 2859 qui
1241 2772 1315 2859 quia

929 2903 1073 2979 correpta
1164 2890 1318 2981 producta

126 2983 160 3049 hi
185 2984 241 3072 qui
268 2981 274 3072 Ι
301 3006 331 3049 r.
351 2987 444 3072 8pro
461 2995 605 3072 correpta
627 3003 690 3046 non
711 2979 865 3070 producta
922 2979 1076 3071 producta
1093 3005 1157 3047 non
1175 2994 1318 3071 correpta

172 3126 248 3216 Gap.
274 3125 372 3191 Vlr.
400 3126 441 3189 15
478 3137 614 3213 utroque
684 3136 818 3213 utraque

175 3247 254 3337 Gap.
282 3246 344 3313 VII
369 3269 397 3312 r.
426 3250 466 3311 16
504 3245 641 3312 Tametsi
709 3245 802 3309 tamsi
831 3241 838 3334 Ι
871 3268 900 3310 v.
922 3248 963 3311 27
987 3268 1078 3337 posse
1146 3247 1206 3312 sihi
1228 3270 1317 3338 posse

177 3369 255 3460 Cap.
283 3369 361 3435 VIII
384 3391 414 3434 r.
442 3374 462 3433 3
486 3368 572 3433 velut
640 3365 689 3433 rel
721 3363 727 3454 Ι
758 3389 789 3432 r.
816 3369 857 3431 25
882 3389 989 3433 tersus
1013 3381 1059 3433 est
1125 3390 1231 3433 versus
1254 3382 1286 3440 (c

175 3490 253 3581 Gap.
278 3491 324 3557 IX
361 3502 455 3578 atquc
524 3512 624 3578 acque
666 3485 673 3578 Ι
715 3511 745 3552 r.
773 3492 791 3552 5
817 3487 967 3577 inpulsu'
1014 3488 1153 3577 impulsu
1196 3486 1201 3577 Ι
1239 3513 1270 3554 r.
1298 3494 1338 3555 6·

129 3634 243 3677 sonum
266 3612 310 3675 ita
379 3633 458 3676 sonu
480 3610 524 3674 ita
549 3621 580 3674 ct
612 3607 618 3698 Ι
649 3631 679 3673 r.
708 3611 749 3672 10
773 3620 804 3673 et
829 3607 975 3696 cymbala
1044 3609 1107 3674 sire
1132 3608 1268 3674 cimbala

176 3731 256 3823 (lap.
294 3730 322 3798 X
356 3756 385 3797 r.
423 3735 443 3796 6
483 3730 536 3796 hic
566 3730 866 3821 proceleusmaticus
890 3728 1056 3817 rhythmus
1125 3730 1187 3796 hoc
1209 3754 1319 3821 proce·

129 3853 351 3920 lcusmaticum
390 3851 544 3918 rithmum
576 3849 581 3941 Ι
612 3874 642 3916 v.
685 3855 724 3916 15
761 3848 906 3938 dactylus
941 3864 1108 3940 anapestus
1137 3853 1320 3942 proceleus-

129 3975 264 4039 maticus
345 3974 498 4040 dactilum
522 3979 707 4062 anapestum
730 3970 1033 4060 proceleumaticum
1064 3969 1070 4062 Ι
1100 3995 1131 4037 r.
1158 3975 1201 4037 29
1248 3975 1320 4040 sim·

129 4097 220 4186 plum
255 4107 286 4159 ct
322 4094 455 4184 duplum
535 4093 680 4183 simplam
715 4104 747 4158 et
782 4091 911 4183 duplam
955 4089 961 4182 Ι
1006 4114 1035 4158 r.
1062 4097 1104 4159 30
1140 4105 1321 4184 temporum

131 4216 326 4306 temporibus
365 4213 371 4306 Ι
406 4238 437 4279 r.
464 4217 506 4280 38
536 4215 721 4304 posteriores
745 4224 819 4279 sunt
886 4212 1071 4302 posteriores

178 4336 257 4427 (lap.
283 4337 329 4402 XI
352 4347 482 4425 possunt
550 4336 668 4426 possint
700 4332 707 4424 Ι
738 4358 768 4400 r.
796 4339 815 4399 5
840 4334 922 4400 duae
946 4335 1064 4425 possint
1133 4335 1210 4401 duas
1232 4359 1322 4425 posse

177 4457 255 4547 cap.
279 4457 342 4522 XII
364 4481 393 4521 r.
412 4459 452 4519 10
476 4455 581 4544 aliqua
651 4453 772 4543 aliquid
804 4451 811 4544 Ι
843 4480 873 4522 r.
892 4460 931 4521 14
956 4453 1018 4522 Sed
1041 4455 1103 4521 hoc
1172 4454 1225 4520 sed
1238 4454 1318 4522 haec

180 4577 258 4668 (lap.
286 4577 364 4645 XIII
387 4601 417 4643 r.
444 4581 463 4643 3
496 4588 620 4642 tantum
689 4576 768 4640 tanti
