2888 5144
475 343 539 391 ιω.
567 326 592 390 1.
621 329 638 410 s
666 331 729 403 25,
751 330 813 403 eo,
840 333 894 404 31,
921 331 975 392 34.
1277 332 1317 392 37

177 512 261 580 lbid.
311 511 423 579 Solem
459 516 563 580 lunae
601 514 827 606 oppositum]
875 516 987 579 solere
1022 511 1179 600 deficere.
1227 511 1320 578 lianc

130 635 303 724 murrinam
322 633 492 700 lectionem
512 636 570 701 viri
589 635 675 700 docti
694 635 838 701 certatim
857 636 1063 701 restituerunt
1082 633 1317 710 econiectura,

130 754 217 844 qnod
237 756 302 820 iam
321 755 423 822 Maius
441 756 545 822 facere
564 757 736 846 potuisset,
758 778 834 820 nam
850 767 936 820 recte
955 755 1094 820 litteram
1112 776 1146 817 oi
1161 752 1320 819 deleverat

129 886 290 942 corrector
319 875 455 957 lineola,
489 899 570 967 quae
600 876 679 942 mihi
710 876 816 942 statim
842 876 988 965 apparuit
1011 874 1160 965 paginam
1186 873 1318 940 maculis

130 996 331 1084 inquinatam
356 1008 504 1062 accurate
526 998 677 1064 intuenti.

174 1233 342 1319 lillis
367 1238 427 1302 30,
476 1234 586 1323 Quum
613 1258 726 1325 eapm
745 1244 809 1300 aut
829 1258 917 1326 nepa
937 1244 1002 1300 aut
1020 1238 1183 1300 exoritur
1200 1256 1319 1299 nomen

129 1355 278 1442 aliquod
310 1355 440 1422 beluae.
489 1356 625 1422 Fallitur
655 1355 819 1434 Ribbeck,
851 1355 945 1445 Trag.
978 1355 1050 1421 Lat.
1085 1355 1156 1422 Rel.
1188 1379 1221 1444 p.
1253 1359 1295 1420 35
1308 1403 1317 1433 ,

130 1474 269 1540 scribens
289 1474 432 1542 codicem
447 1475 567 1542 habere
581 1498 724 1555 numen,
742 1472 817 1541 nam
833 1476 950 1565 legitur
964 1496 1083 1541 nomen
1099 1487 1131 1542 et
1147 1473 1319 1539 admodum

129 1595 297 1685 perspicue
331 1618 443 1686 nepa;
469 1597 589 1662 notavit
613 1595 742 1685 quidem
766 1596 867 1664 Maius
888 1596 998 1661 nitiose
1020 1596 1173 1685 scriptum
1195 1616 1262 1661 esse
1283 1596 1317 1660 in

131 1713 249 1782 Codice
272 1716 403 1806 nlupa,
428 1715 559 1782 sedhic
583 1738 710 1805 quoqne
729 1714 842 1781 eedem
863 1715 981 1782 chorda
1004 1715 1183 1795 aberravit,
1206 1738 1317 1781 macu-

129 1837 175 1902 las
207 1836 360 1926 quasdam
390 1836 541 1917 leviores,
572 1860 655 1926 quae
685 1860 726 1903 ne
755 1837 891 1903 formam
922 1836 1054 1927 quidem
1074 1838 1252 1903 litterarum
1274 1856 1318 1903 tu

130 1956 323 2046 praebeant,
347 1981 422 2025 cum
446 1981 519 2025 vera
542 1959 698 2048 scriptura
720 1961 926 2049 permiscens.

177 2199 263 2266 xlx.
302 2201 320 2284 §
359 2203 414 2265 31.
473 2198 734 2265 obtrectatores
777 2207 894 2264 autem
924 2207 959 2263 et
991 2198 1107 2263 invidi
1138 2197 1318 2291 Scipionis

131 2324 251 2385 initiis
262 2320 383 2407 factis
403 2343 426 2384 a
447 2319 492 2386 P.
523 2291 832 2386 Crasso....tenent
854 2320 1005 2384 alteram
1021 2328 1177 2409 partem.
1215 2322 1318 2407 Quam

129 2440 326 2530 negligenter
357 2441 503 2506 librarius
534 2442 712 2531 scripserit,
744 2439 805 2505 hoc
828 2439 973 2529 exemplo
995 2440 1088 2506 facile
1111 2440 1319 2508 demonstrari

129 2573 244 2650 potest3
271 2573 307 2627 ut
330 2563 415 2628 enim
439 2584 534 2652 supra
550 2560 685 2627 vidimus
708 2583 825 2651 paucas
844 2559 997 2650 quasdam
1017 2562 1137 2628 litteras
1154 2575 1210 2627 aut
1231 2563 1318 2630 verbi

129 2683 364 2749 terminationes
396 2684 523 2748 omissas
556 2693 610 2747 aut
640 2682 673 2747 in
697 2680 824 2747 brevius
846 2693 1043 2761 contractas,
1066 2682 1131 2748 hoe·
1150 2682 1222 2748 loco
1242 2685 1316 2749 mis-

130 2805 195 2868 cuit
210 2825 293 2892 qnae
304 2802 511 2870 describenda
523 2804 557 2868 in
570 2802 676 2867 animo
688 2801 826 2868 habebat
840 2799 1019 2892 Scipionis
1032 2805 1153 2868 initiis
1165 2803 1316 2893 deditque

131 2922 267 3014 Scipiis
298 2927 475 2990 initionis.
524 2922 689 2988 Ridiculus
711 2945 799 2989 error
819 2935 980 2989 correctus
1004 2936 1168 3003 est,·nam
1189 2927 1316 3014 punctis

129 3057 256 3109 notatae
280 3056 354 3109 sunt
377 3044 501 3110 litterae
524 3067 587 3121 on,
612 3056 644 3111 et
666 3043 820 3110 vocabulo
841 3041 977 3134 Scipiis
994 3046 1242 3135 suprascriptum
1260 3046 1316 3113 ali·

129 3164 205 3253 quid
228 3177 374 3255 apparet,
396 3164 482 3254 quod
492 3214 501 3244 ‚
524 3164 648 3230 etiarnsi
665 3165 834 3255 Augustini
853 3187 967 3253 oquae
985 3164 1017 3230 id
1034 3187 1098 3231 nou
1110 3166 1314 3247 abstulerint,

128 3309 193 3353 non
216 3287 379 3353 seruitum·

173 3528 262 3594 XXl.
289 3531 307 3613 §
332 3534 386 3594 34.
441 3526 523 3595 Cum
546 3526 722 3595 Panaetio
736 3552 861 3595 coram
883 3531 1028 3618 Polybio
1048 3533 1177 3600 duobus
1202 3535 1316 3603 Grae-

129 3654 180 3715 cis
212 3651 269 3714 vel
292 3653 533 3738 peritissimis
568 3673 686 3716 rerum
716 3652 884 3717 civilium.
934 3676 955 3716 «
970 3651 1048 3721 cod.
1083 3658 1139 3721 cel
1165 3656 1315 3724 Graecis

128 3772 184 3836 oei
195 3773 456 3861 peritissimis,
482 3770 536 3838 sed
554 3773 659 3862 priore
678 3772 749 3838 loeo
766 3796 826 3840 ¹vor
846 3776 902 3839 vel
919 3775 1219 3869 fortasseexpuncte
1230 3793 1313 3847 est.»

127 3892 242 3959 Maius.
290 3891 506 3958 «Distinctius
530 3917 627 3982 quam
651 3907 744 3960 antea
766 3893 885 3974 Maius,
911 3894 988 3984 quid
1011 3898 1044 3962 in
1065 3897 1173 3965 codice
1192 3899 1314 3990 legere-

126 4025 198 4091 tur,
224 4033 311 4078 nunc
338 4011 520 4081 declaravit.
569 4016 682 4106 Itaque
704 4038 800 4082 nemo
817 4017 851 4081 in
874 4014 1007 4083 dubium
1031 4018 1165 4108 amplius
1188 4022 1314 4089 vocabit

126 4133 334 4201 lectionem.»
380 4133 434 4200 Sic
468 4133 634 4216 Osannus,
668 4149 700 4203 at
733 4138 767 4203 iu
797 4139 901 4227 priore
934 4137 1072 4205 editione
1102 4139 1221 4230 absque
1248 4143 1313 4209 ulla

127 4255 334 4344 ambiguitate
362 4253 482 4320 dixerat
515 4255 665 4324 codicem
692 4257 813 4324 babere
842 4260 898 4323 vel
929 4258 1098 4338 Graecis,
1127 4260 1181 4327 sed
1204 4287 1313 4331 vocem

128 4377 184 4440 vel
205 4376 336 4442 fortasse
359 4388 549 4467 expunctum
572 4401 649 4445 esse.
697 4378 766 4444 Nec
789 4402 863 4445 vero
883 4380 1147 4469 acquiescendum
1171 4396 1237 4463 est,
1261 4409 1314 4453 me

128 4496 252 4575 indice,
277 4499 310 4562 in
330 4497 406 4564 Maii
426 4499 557 4588 repetita
577 4498 734 4578 lectione,
755 4499 911 4589 siquidem
929 4501 1103 4568 secundum
1127 4505 1184 4568 oel
1206 4505 1313 4574 abesse

128 4619 161 4682 in
190 4618 298 4685 codiee
327 4618 406 4684 mihi
432 4621 630 4710 apparuerit,
657 4633 689 4686 et
714 4621 838 4688 nullum
863 4624 991 4689 omnino
1011 4624 1210 4714 expungendi
1233 4626 1313 4707 indt
