2888 5144
177 295 219 357 30
557 307 675 354 crcrno
700 305 742 351 os
768 305 808 352 un
833 307 987 355 000000.

174 477 229 545 sed
247 476 447 544 Benedictini
458 476 595 541 ,initium
613 476 691 542 serti
708 458 826 543 saeculi
842 475 1023 541 tribuerunt
1039 477 1104 555 illi,
1127 478 1211 565 quod
1228 478 1367 546 nimium

172 598 254 664 milri
287 621 353 664 esse
388 597 525 677 ridetur3
563 596 698 662 sufficiat
727 595 823 662 verbo
854 595 1032 663 nominasse
1064 596 1240 664 Bibliorum
1270 600 1362 666 llocl.

173 718 271 784 Paris.
297 718 339 786 N.
365 717 405 784 ll.
434 717 530 797 Ibis,
557 716 633 784 8110.
657 716 724 783 101).
751 722 813 796 57,
837 717 991 783 maiorem
1014 717 1201 808 scripturam
1225 719 1363 810 diligen·

171 851 223 906 ter
245 838 356 906 eodem
380 861 455 905 aero
479 838 640 928 depictam
663 837 805 917 sedita,
831 848 867 902 ut
889 837 1019 927 rigidior
1043 852 1205 928 appareat;
1233 840 1363 907 Livium

171 961 349 1027 Parisinum
381 961 437 1028 N⁰.
470 963 577 1037 5730,
609 957 687 1025 silv.
713 958 779 1024 tab.
806 961 870 1038 50,
896 981 992 1048 quem
1015 959 1082 1026 sine
1105 959 1202 1026 dubio
1226 963 1363 1052 septimo

170 1081 310 1160 tribuas,
342 1103 402 1147 neo
432 1081 465 1145 in
495 1101 631 1168 sequens
647 1100 864 1168 promoveas,
895 1075 934 1145 de
964 1102 1027 1169 quo
1056 1081 1215 1170 cogitabat
1239 1080 1361 1147 Cham-

168 1202 309 1293 pollion,
335 1200 470 1268 initiales
493 1200 579 1266 enim
603 1211 690 1265 extra
713 1199 831 1265 lineam
854 1199 997 1265 nondum
1020 1199 1123 1267 fectae
1146 1201 1361 1267 000100100-

170 1323 274 1404 culae;
312 1321 450 1411 denique
485 1322 510 1386 si
545 1321 608 1385 iem
643 1320 733 1387 lubet
764 1342 893 1386 cernere
918 1343 982 1408 quo
1006 1320 1100 1386 modo
1123 1323 1293 1412 septimum
1317 1321 1361 1386 ab
1419 1325 1423 1334 '

167 1456 278 1510 octavo
306 1442 492 1533 dignoscas,
525 1442 632 1509 erolre
663 1440 879 1533 pulcherrime
903 1440 1007 1507 Biblia
1030 1441 1191 1507 Amiatina
1213 1442 1246 1506 in
1270 1441 1361 1508 Lau·

166 1565 311 1631 rentiana
334 1543 527 1629 bibliotheca
551 1562 630 1630 8110.
652 1563 719 1628 tcb.
747 1567 833 1641 235,
855 1562 971 1652 quibus
989 1561 1089 1642 illud,
1108 1575 1140 1628 et
1160 1562 1275 1652 quibus
1295 1562 1359 1630 hoc

166 1707 279 1751 aevum
287 1657 451 1763 tribuitur,
466 1682 690 1751 vaticanam.
706 1687 813 1762 3836,
828 1682 905 1749 Silr.
920 1682 1013 1763 ibid,
1027 1706 1153 1750 necnon
1166 1683 1357 1773 Gregorium

166 1805 340 1872 Turensem
369 1802 468 1869 Paris.
495 1804 584 1870 Eccl.
611 1802 653 1870 N.
679 1802 719 1870 D.
747 1791 990 1882 1325108110.
1016 1802 1081 1869 tab.
1108 1808 1170 1882 41,
1196 1816 1228 1869 et
1252 1804 1356 1872 Bene-

164 1925 291 1992 dictinis
314 1924 508 2002 assentieris,
533 1924 658 2014 opinor,
684 1923 880 1991 Breviarium
892 1923 1211 1992 Alarioenseiubihl.
1226 1926 1353 1992 110000.

165 2044 280 2113 Gimel.
312 2044 356 2111 ΙΙ.
392 2049 424 2110 4.
458 2043 505 2123 Δ,
533 2043 611 2112 silv.
639 2045 705 2111 tob.
733 2048 817 2125 126,
841 2057 952 2111 octero
975 2046 1101 2112 saeculo
1125 2046 1357 2136 assignantibus

126 2155 128 2159 ’
163 2179 274 2233 contra
296 2178 440 2245 sextum,
465 2166 551 2256 quod
575 2167 631 2233 alii
653 2165 841 2233 defendunt.

209 2284 334 2365 Ceteri,
369 2308 448 2375 quos
478 2286 549 2352 ride
579 2286 662 2377 apud
692 2285 874 2353 Silvestrem
906 2287 972 2353 tab.
1001 2290 1085 2366 152,
1112 2287 1244 2353 Arsiana
1267 2291 1354 2380 frag-

162 2419 270 2473 menta
291 2406 492 2497 palimpsesto
506 2406 612 2475 Vatic.
634 2406 691 2474 N⁰.
719 2411 827 2487 5750,
848 2430 974 2475 necnon
993 2407 1102 2476 Sancti
1120 2408 1228 2475 Patres
1248 2410 1353 2478 Vatic.

163 2527 220 2595 ΝΟ.
253 2531 341 2594 3835
375 2528 501 2618 septimi
527 2528 645 2595 saeculi
675 2542 769 2608 sunt,
800 2529 897 2619 poulo
928 2530 1085 2597 recentior
1115 2543 1161 2596 est
1185 2532 1355 2621 Gregorius

162 2649 202 2715 ad
222 2649 418 2716 IobMonac.
441 2649 475 2714 in
494 2648 573 2739 bibl.
597 2647 773 2716 0100111.
800 2653 833 2717 5.
858 2649 897 2729 l,
923 2649 998 2716 Silr.
1023 2650 1090 2718 tab.
1107 2653 1190 2731 182,
1215 2650 1353 2742 denique

161 2771 235 2836 Vita
263 2770 297 2838 S.
331 2769 580 2858 Wandrigisilac
610 2770 708 2837 Paris.
743 2771 832 2836 Eccl.
864 2770 904 2837 N.
938 2771 978 2837 1).
1012 2776 1071 2838 101
1087 2773 1155 2852 bis,
1180 2772 1257 2839 Silr.
1282 2769 1349 2839 tab.

161 2894 206 2956 79
226 2913 263 2957 er
282 2903 407 2970 octaro;
431 2889 548 2968 ceteri,
573 2891 725 2978 inquam,
751 2889 790 2955 ad
814 2913 915 2956 unum
939 2914 1049 2958 omnes
1073 2904 1160 2960 certo
1172 2893 1353 2961 discrimine

160 3036 194 3079 se
216 3011 356 3103 produnt
380 3023 487 3077 nostro
513 3010 659 3076 Tulliano
683 3034 749 3078 esse
773 3014 974 3079 recentiores.
1025 3013 1093 3080 Nec
1116 3013 1155 3080 de
1180 3015 1247 3080 aliis
1275 3015 1352 3081 Tul·

160 3133 252 3199 lianis
274 3133 505 3224 palimpsestis,
531 3131 634 3222 deque
658 3133 819 3200 Frontone
843 3157 903 3201 nec
926 3134 965 3200 de
990 3134 1123 3201 Scholiis
1144 3135 1352 3202 Bobiensibus

161 3276 248 3321 nunc
280 3253 385 3320 dicere
415 3265 526 3333 vacat,
557 3253 592 3318 in
624 3275 717 3318 suum
747 3254 854 3320 locum
877 3254 917 3322 de
940 3255 1003 3321 illis
1025 3257 1168 3323 examine
1191 3255 1350 3346 relegato,

162 3387 198 3441 ut
231 3375 274 3441 sic
301 3374 431 3440 demum
458 3373 536 3441 huic
562 3373 768 3464 disputationi
799 3375 871 3440 finis
901 3376 1103 3465 imponatur,
1127 3398 1202 3440 nam
1226 3389 1350 3457 cetera,

160 3519 244 3588 quse
275 3495 432 3564 accedunt
462 3509 668 3586 argumente,
691 3496 826 3562 formam
849 3509 881 3563 et
903 3509 1051 3562 naturam
1074 3496 1351 3577 membranarum,

160 3641 341 3699 mensnram
365 3618 522 3683 linearum
534 3617 845 3707 laterculorumque,
870 3618 1115 3706 quaternionum
1134 3620 1350 3699 notationem,

160 3740 350 3831 scripturam
383 3739 588 3820 continuam,
620 3740 758 3806 initiales
795 3737 905 3805 itidem
938 3738 1078 3804 unciales
1110 3739 1247 3805 necdum
1282 3763 1352 3806 ma-

160 3860 298 3927 10000100
317 3871 403 3926 extra
424 3859 543 3926 lineam
562 3861 712 3951 scriptas,
733 3859 842 3925 titulos
861 3859 977 3949 partim
1001 3859 1097 3925 rubro
1120 3874 1280 3940 exaratos,
1301 3862 1352 3928 lit·

160 3992 263 4046 terum
295 3999 314 4046 r
343 3992 463 4071 puncto
493 4004 558 4046 non
592 3978 812 4071 superaddito,
840 3979 991 4045 lineolam
1016 4003 1079 4070 qua
1110 4005 1142 4046 m
1165 3995 1197 4047 et
1220 4006 1243 4046 n
1266 3981 1350 4046 indi-

162 4112 295 4180 cantur,
323 4101 447 4168 litterae
472 4102 516 4167 sic
540 4101 801 4192 suprascriptam,
826 4113 862 4166 ut
886 4101 924 4166 ad
948 4101 1089 4187 dextram
1112 4103 1240 4182 flectat,
1262 4126 1351 4169 com-

160 4219 281 4327 pendia
299 4223 425 4312 punctis
451 4234 580 4301 notata,
604 4220 724 4287 litteras
748 4231 925 4287 contractas
948 4223 981 4287 in
1005 4245 1263 4312 monogramma,
1289 4225 1350 4291 alia

122 4344 126 4353 '
162 4365 245 4432 quac
275 4356 348 4408 sunt
378 4343 473 4409 huius
505 4343 644 4433 generis,
676 4355 760 4408 recte
783 4343 913 4410 omnino
936 4344 1011 4410 licet
1034 4366 1115 4432 quae
1138 4344 1171 4409 in
1195 4344 1350 4413 iudicium

162 4487 273 4542 voces,
300 4487 387 4530 nunc
418 4486 482 4529 000
515 4486 704 4553 recoquam,
729 4489 804 4531 nam
828 4465 954 4532 nullum
975 4489 1011 4531 er
1037 4464 1101 4528 istis
1125 4488 1214 4531 meae
1238 4467 1349 4535 adrer-

162 4597 249 4652 satur
282 4584 445 4673 opinioni,
482 4584 600 4650 cadunt
632 4585 716 4652 enim
753 4589 860 4653 omnia
891 4588 923 4651 10
955 4584 1043 4650 huuc
1074 4583 1214 4652 codicem
1247 4610 1284 4653 ac
1315 4591 1347 4654 10
