2888 5144
128 319 193 382 148
573 338 602 382 c.
630 338 740 384 ruerus
765 336 887 385 ereren

125 505 241 570 lineola
273 506 397 571 litterae
433 528 450 569 e
484 508 588 595 potius
624 508 834 596 suprascripta
862 507 902 571 sit
933 528 1030 594 quam
1063 530 1092 572 o.
1142 507 1262 575 Contra
1284 510 1321 575 in

64 612 66 619 ’
129 626 222 691 verbo
244 625 438 716 jungentur
460 629 547 717 prior
570 651 593 691 n
615 627 714 694 deest.

117 780 119 785 ·
172 747 362 812 Revocanda
385 759 431 812 cst
455 748 636 813 coniunctio
662 756 715 825 et,
740 770 838 836 quam
856 746 958 813 editor
976 749 1060 815 male
1079 749 1207 815 exulare
1230 750 1325 816 iussit

127 866 205 932 ibid.
235 870 251 952 ᾗ
270 873 306 946 4,
331 890 404 956 pag.
427 871 493 932 212
517 891 547 933 r.
574 873 606 933 3.
644 890 666 931 «
674 866 817 956 Sequens
837 867 925 933 locus
944 882 1009 948 est,
1030 869 1135 958 legem
1156 893 1223 936 esse
1242 892 1325 936 con·

126 989 256 1053 trariam
285 989 413 1054 vetustis
441 988 584 1077 legibus,
607 1001 644 1054 nt
668 988 894 1054 Demosthenes
918 989 1064 1055 adsersus
1088 988 1323 1056 Androtionem

129 1119 163 1174 et
187 1109 357 1176 Aeschines
380 1109 526 1176 adversus
551 1107 789 1198 Ctesiphontem
810 1111 967 1175 faciunt.»
1003 1110 1073 1177 Neo
1095 1111 1183 1177 deest
1205 1096 1326 1200 copula

127 1230 198 1296 loco
218 1231 377 1296 simillimo
400 1232 433 1295 in
456 1254 568 1309 versu,
593 1231 649 1319 qui
661 1231 766 1296 statim
778 1230 958 1320 praecedit:
985 1242 1045 1295 «ut
1058 1231 1183 1296 Marcus
1197 1231 1326 1298 Tullius

128 1351 168 1417 de
191 1352 261 1440 lege
285 1352 405 1440 agraria
430 1352 524 1431 facit,
550 1359 585 1415 et
608 1349 687 1417 Cato
712 1375 842 1442 saepe.»

174 1472 316 1539 Eandem
341 1473 598 1537 coniunctionem
621 1471 703 1536 male
727 1472 832 1536 omisit
855 1470 909 1536 ille
932 1471 1040 1560 paucis
1063 1471 1204 1536 rensibus
1226 1485 1323 1562 post,

128 1617 158 1658 r.
194 1596 231 1657 11
267 1593 322 1657 ubi
352 1591 433 1658 duae
461 1593 691 1658 coutroversiae
714 1605 946 1681 proponuntur.
996 1615 1017 1655 «
1030 1591 1079 1656 Ab
1104 1591 1321 1660 obscuritate:

129 1736 207 1802 quos
237 1712 323 1776 dicat
353 1712 488 1791 liheroS,
521 1724 630 1776 utrum
659 1712 819 1778 naturales
843 1735 883 1777 an
907 1711 1085 1802 adoptivos,
1111 1722 1145 1777 et
1168 1726 1279 1780 utrum
1303 1737 1325 1778 a

129 1856 161 1898 se
183 1846 291 1908 natos,
317 1855 358 1896 an
381 1832 459 1912 hos,
485 1834 540 1921 qui
563 1832 638 1899 inde
662 1846 869 1899 nascentur.»

174 1954 268 2017 Plura
300 1953 405 2018 omisit
435 1953 556 2031 Maius,
592 1966 628 2019 ut
658 1954 779 2019 librarii
809 1955 912 2020 solent
935 1976 1035 2042 quum
1057 1953 1142 2019 idem
1167 1956 1326 2044 repetitur

129 2073 275 2153 rcrbum3
315 2071 400 2161 qnod
435 2075 461 2138 si
494 2072 678 2162 typothetae
708 2074 900 2163 negligentia
934 2074 1068 2154 accidit,
1093 2073 1225 2140 editoris
1253 2088 1325 2142 erat

130 2219 203 2260 eum
235 2195 402 2284 corrigere.
442 2192 495 2260 Sic
518 2194 609 2258 nobis
630 2195 725 2283 periit
749 2217 812 2258 una
835 2194 875 2260 de
900 2195 1128 2260 universalibus
1151 2197 1325 2285 propositi·

130 2316 265 2395 onibus,
290 2339 363 2405 pag.
390 2314 460 2381 ead.
487 2338 516 2381 v.
545 2318 607 2380 15:
643 2338 714 2380 «an
736 2314 855 2381 iustum
878 2314 1076 2401 indemnatos
1105 2320 1248 2396 necari,
1273 2341 1326 2382 an

129 2440 217 2503 utile
248 2442 388 2502 iuvenes
421 2436 548 2516 necari,
581 2460 622 2501 au
649 2437 724 2526 ipsis
748 2460 876 2526 qnoque
898 2437 1041 2526 patribus
1064 2437 1217 2502 inutile.»
1251 2437 1324 2504 Nec

130 2558 247 2624 diutius
262 2568 393 2648 patres
415 2559 462 2623 illi
486 2558 570 2624 nude
593 2559 688 2648 positi
710 2583 774 2623 nou
796 2558 981 2637 habebunt,
1006 2556 1092 2624 unde
1114 2557 1288 2647 pendeant.

137 2680 287 2762 >Editor
317 2680 407 2745 nobis
438 2692 548 2745 auctor
578 2692 624 2746 est
654 2680 796 2745 codicem
818 2703 876 2768 pro
900 2681 956 2743 vel
976 2678 1093 2744 habere
1117 2680 1211 2744 velut
1235 2703 1268 2767 p.
1295 2680 1321 2746 l.

129 2824 158 2866 v.
186 2807 241 2866 35.
291 2803 421 2868 «Possit
444 2802 497 2868 hic
520 2803 658 2867 fortassis
681 2814 713 2867 et
736 2801 928 2890 comparatio
960 2800 1151 2888 qualitatum
1179 2802 1320 2867 moveri:

131 2935 239 2987 utrum
256 2922 318 3017 'illi
349 2924 461 2988 melius
493 2924 588 2988 fuerit
619 2945 684 2987 non
717 2923 826 2988 ridere
854 2923 983 2986 omuino
1013 2922 1137 3000 filium,
1162 2945 1202 2986 an
1225 2923 1324 2987 velut

130 3043 228 3109 talem
256 3041 399 3108 ridere.»
438 3041 479 3106 lt
499 3043 644 3107 librarius
669 3041 755 3107 dedit
779 3044 833 3106 ult
854 3064 927 3107 cum
949 3042 1066 3107 lineola
1090 3054 1265 3108 transversa
1286 3044 1322 3108 in

133 3165 148 3227 l
155 3212 164 3242 ‚
198 3187 261 3253 qna
292 3163 420 3227 omnino
449 3186 513 3228 non
544 3165 639 3228 uelut
668 3164 883 3252 significatur,
915 3177 962 3229 est
992 3165 1084 3242 vult,
1110 3162 1195 3252 quod
1219 3187 1322 3253 quum

130 3283 184 3349 hie
208 3284 364 3363 offendat,
388 3307 462 3349 vera
485 3285 578 3350 lectio
602 3284 884 3374 circumspicienda
907 3285 967 3350 crit
990 3283 1105 3349 adhuc.
1181 3287 1186 3295 ’

177 3406 302 3471 Interiit
325 3404 455 3469 verbum
467 3455 476 3484 ,
501 3405 586 3493 quod
610 3406 730 3471 Victori
753 3405 950 3471 reddendum
974 3428 1039 3470 esse
1063 3403 1207 3484 ridetur,
1237 3404 1317 3471 ibid.

133 3530 151 3612 §
188 3533 227 3604 5,
263 3550 336 3616 pag.
375 3529 439 3592 213
475 3550 504 3592 r.
534 3529 595 3605 13,
621 3539 667 3592 est
690 3527 777 3592 locus
800 3525 839 3592 de
858 3539 1003 3590 matrona
1034 3525 1178 3612 cyniram
1202 3538 1321 3592 sectam

132 3660 313 3714 exercente:
348 3670 420 3711 «an
453 3670 552 3736 quum
576 3649 701 3713 affectet
725 3647 850 3712 insolita
872 3647 1018 3724 lerninis,
1043 3645 1126 3710 male
1150 3646 1254 3725 vivat,
1279 3670 1320 3711 an

133 3792 231 3858 quum
266 3769 443 3834 litterarum
473 3779 554 3832 artes
586 3766 743 3855 affectet,
777 3791 817 3832 an
849 3790 948 3855 quum
975 3766 1253 3854 philosophorum,
1279 3790 1319 3832 an

134 3912 232 3978 quum
278 3889 422 3976 cyniram
456 3887 559 3976 legem
593 3900 781 3975 sequatur.»
848 3888 952 3953 Tertio
979 3887 1050 3952 loco
1082 3885 1187 3953 deesse
1217 3899 1321 3977 potest

132 4009 288 4087 verbum,
313 4022 422 4074 contra
444 4007 582 4074 seeundo
605 4009 787 4097 requiritur.

178 4128 332 4216 Sequenti
353 4131 385 4213 §,
406 4152 434 4194 r.
451 4133 493 4194 25
518 4128 615 4194 edidit
639 4129 752 4194 Maius:
780 4129 1011 4193 «Destruimus
1036 4141 1141 4195 autem
1164 4129 1243 4194 locis
1256 4129 1316 4209 VI,

132 4250 332 4328 coniectura,
382 4251 553 4338 qualitate,
601 4250 804 4329 delinitione,
848 4250 1071 4329 translatione,
1120 4250 1316 4338 quantitate,

131 4372 403 4459 comparatione.»
450 4372 537 4437 llaec
572 4384 658 4437 recte
691 4370 888 4461 procedunt,
925 4383 1065 4437 attamen
1100 4369 1197 4437 codex
1222 4372 1317 4438 habet

131 4492 241 4556 «locis
272 4492 312 4579 ijs
323 4515 356 4569 ,>›
390 4514 451 4579 quo
476 4493 605 4557 duobus
630 4506 683 4558 aut
709 4497 756 4557 iis
780 4493 830 4558 rel
854 4495 911 4557 Iris
935 4493 1149 4582 significatum
1173 4493 1315 4559 credide-

131 4615 211 4693 rim,
244 4611 324 4678 illud
355 4635 451 4678 uerus
483 4614 620 4703 respuit,
650 4638 758 4680 rerum
782 4615 844 4680 hoe
865 4615 927 4703 legi
951 4614 1062 4693 debet,
1088 4614 1206 4703 quippe
1232 4614 1315 4703 quod
