2888 5144
593 313 854 361 nnunnlrronrs.
1252 297 1310 360 171

126 489 251 555 saucius
282 485 410 551 oborsus
441 485 550 572 petiit,
581 493 619 548 nt
649 483 759 548 saltem
790 481 898 546 mortis
929 501 1002 545 suae
1026 480 1110 545 ultor
1129 483 1311 548 existeret.»

127 607 246 699 Capitis
280 604 438 694 sequentis
469 603 492 693 S
526 609 544 669 7
577 603 708 669 restituo
738 602 916 668 obiectum:
951 624 1054 668 «cum
1085 602 1195 667 consul
1227 604 1310 670 inter

125 726 326 795 honorandos
360 725 475 790 milites
511 724 660 789 vallarem
696 745 846 788 coronam
880 735 1089 811 proponeret,
1125 746 1218 789 nemo
1250 724 1311 790 fuit

127 850 183 939 qui
201 871 277 912 cam
288 846 348 912 sibi
359 844 569 910 vindicaret.»
595 843 715 910 Eadem
731 845 872 921 ratione,
895 865 990 931 quam
1007 843 1153 909 adfirmat
1166 843 1311 910 Valerius

125 969 178 1048 II,
208 973 227 1033 7
261 970 279 1053 §
309 970 375 1045 12,
410 966 504 1054 fugax
527 964 715 1055 praepositio
738 962 914 1028 revocanda
937 975 983 1028 est
1007 955 1077 1031 Lib.
1103 964 1156 1043 ΙΙ,
1183 962 1261 1055 Gap.
1289 972 1308 1034 2

127 1095 145 1176 S
179 1092 242 1154 13:
277 1088 432 1176 «gravius
459 1086 494 1150 in
525 1085 683 1150 Romanos
711 1107 808 1173 quam
831 1086 869 1147 a'n
893 1084 1022 1150 Latinos
1045 1085 1220 1174 transfugas
1242 1087 1311 1152 ani-

126 1209 328 1276 madvertit.»
376 1206 496 1272 Eodem
520 1206 735 1272 consentiente
759 1203 835 1269 ibid.
864 1203 1001 1269 101111.
1029 1207 1046 1289 3
1074 1208 1088 1269 l
1116 1205 1311 1279 reddendum

125 1344 173 1398 cst
192 1351 366 1420 pronomen
392 1326 496 1393 Paridi
521 1324 599 1415 Gap.
632 1332 651 1390 5
680 1324 703 1414 S
729 1330 767 1391 9:
818 1325 1015 1390 «Harmodii
1037 1339 1069 1391 et
1094 1325 1312 1416 Aristogitonis

127 1451 245 1540 effigies
277 1471 388 1514 aeneas
417 1448 533 1514 Xerxes
555 1448 589 1513 in
613 1469 746 1535 regnum
770 1469 868 1510 annm
890 1445 1088 1512 transtulit.»
1136 1449 1182 1512 llr
1206 1449 1314 1516 codice

128 1585 160 1638 et
189 1570 315 1636 Valerio
345 1569 412 1649 ΙΙΙ,
446 1573 465 1632 Ι
497 1567 521 1656 3
558 1574 577 1634 5
608 1567 703 1633 reddo
731 1566 855 1646 Paridi,
881 1591 963 1656 quae
987 1568 1088 1634 Maius
1112 1569 1216 1635 omisit
1240 1569 1311 1636 Lib.

127 1691 177 1761 Ill
210 1690 288 1781 Cap.
318 1695 337 1754 2
364 1688 387 1778 S
414 1695 450 1754 5:
480 1689 557 1756 «M.
581 1688 749 1754 Marcellus
774 1687 938 1753 Gallorum
961 1711 1067 1778 regern
1090 1689 1315 1756 obtruncatum

126 1814 222 1878 armis
252 1810 358 1889 exuit,
391 1832 499 1897 caque
530 1808 609 1874 Ioni
640 1807 803 1873 Feretrio
833 1808 1046 1873 dedicavit.»
1093 1809 1161 1877 Nec
1188 1824 1234 1877 est
1257 1834 1315 1877 cur

127 1957 201 2001 cum
225 1933 309 1999 Maio
331 1930 520 2020 particulam
542 1930 742 2019 epitomatori
763 1928 965 1994 detrahamus
983 1929 1081 1997 ciusd.
1108 1928 1186 2021 (lap.
1214 1935 1231 2017 3
1253 1936 1311 1999 161

127 2054 270 2120 «Darius
293 2075 367 2118 cum
391 2050 514 2117 sordida
538 2063 569 2117 et
592 2050 714 2117 crudeli
736 2073 901 2140 magorum
924 2050 1091 2138 tyrannide
1116 2052 1223 2118 Persas
1234 2053 1315 2122 lihe-

127 2188 228 2254 raret‚
261 2197 361 2239 unum
389 2197 426 2240 ex
457 2174 501 2238 eia
530 2172 690 2239 abiectum
721 2173 859 2261 corporis
883 2173 931 2237 sui
953 2172 1094 2261 pondere
1120 2195 1251 2262 urgens,
1277 2184 1316 2238 nt

126 2296 204 2363 vidit
246 2293 514 2372 commilitonem,
557 2304 593 2358 tu
636 2315 729 2371 vero,
774 2293 916 2381 inquit.»
976 2281 1055 2359 Tum
1102 2294 1316 2384 pessumdedit

127 2417 315 2483 sententiam
338 2416 488 2481 omissum
511 2413 642 2480 verbum
666 2414 698 2478 in
719 2412 1036 2503 hisLih.1V‚‘cap.
1055 2421 1070 2481 1
1086 2413 1109 2503 3
1125 2420 1188 2481 23:
1216 2439 1237 2479 κ
1248 2417 1315 2482 Pis·

128 2550 248 2603 catores
279 2532 464 2623 Mitylenaei
494 2534 526 2598 in
558 2533 732 2599 everriculo
760 2532 889 2599 ductam
920 2557 1049 2600 auream
1071 2558 1213 2600 mensam
1237 2559 1313 2603 con·

126 2659 209 2723 sulto
241 2656 388 2746 Apolline
421 2678 495 2722 cum
525 2655 602 2719 iussi
628 2666 730 2718 essent
761 2653 836 2721 dare
867 2678 937 2720 eam
962 2657 1117 2745 sapienti,
1143 2656 1315 2723 dederunt

127 2780 269 2857 Thaleti,
300 2778 354 2844 ille
386 2777 476 2843 cessit
508 2798 577 2841 eam
609 2774 757 2854 Bianti;>›
788 2775 828 2840 cf.
862 2774 968 2841 Valer.
994 2776 1060 2855 IV,
1089 2780 1103 2841 1
1133 2778 1204 2844 Ert.
1230 2776 1253 2866 3
1280 2783 1314 2846 7.

127 2900 194 2966 Nec
227 2899 354 2965 editoris
385 2919 517 2963 munere
541 2897 599 2962 rite
622 2896 750 2961 functus
774 2908 821 2961 est
845 2895 945 2962 Maius
968 2897 1183 2985 epitomatoris
1206 2898 1313 2966 locum

129 3021 205 3111 Gap.
239 3026 260 3086 3
289 3017 313 3107 3
349 3025 364 3084 1
395 3019 439 3083 ita
466 3016 659 3096 mutilando,
693 3029 728 3083 ut
758 3003 848 3082 nobis
872 3016 1051 3083 addendum
1075 3019 1238 3108 reliquerit
1262 3045 1315 3086 er·

127 3153 272 3231 carptum
295 3164 312 3207 e
338 3140 459 3204 Valerii
482 3140 548 3217 IV,
577 3137 645 3226 33
673 3142 687 3203 1
716 3138 833 3203 verbis:
873 3163 894 3202 ‹<
905 3138 1011 3229 Scipio
1022 3140 1162 3229 puellam
1175 3141 1315 3208 nobilem

126 3286 240 3353 sponso
262 3262 445 3327 inviolatam
466 3259 593 3326 tradidit
617 3282 705 3323 anre
729 3263 853 3334 ctiam,
880 3260 973 3347 qnod
987 3284 1057 3350 pro
1082 3262 1316 3354 redemptione

120 3384 265 3474 puellae
296 3388 501 3472 acceperat,
527 3403 679 3444 summae
702 3378 797 3444 dotis
821 3380 958 3445 adiecto
970 3404 981 3458 ‚·
1006 3405 1075 3469 quc
1099 3384 1315 3449 abstinentia

126 3508 262 3569 animos
301 3500 550 3569 Celtiberorum
586 3501 792 3590 obligavit.»
844 3500 1063 3590 Negligentius
1097 3502 1177 3569 haec
1212 3506 1316 3571 omisit

127 3626 246 3703 Maius,
282 3646 356 3688 nam
390 3622 443 3688 hic
476 3645 541 3687 non
574 3635 677 3713 potest
712 3622 823 3688 afferre
847 3643 994 3700 causam,
1019 3622 1060 3686 ob
1090 3645 1187 3711 quam
1219 3647 1314 3691 noras

127 3745 262 3811 Phaedri
290 3744 426 3810 Fabulae
456 3745 576 3834 primus
606 3745 650 3809 ita
681 3743 866 3832 integriores
897 3741 1049 3821 ediderit,
1084 3742 1178 3810 duct.
1215 3743 1312 3813 Closs.

129 3868 197 3947 111,
222 3892 254 3956 p.
282 3870 365 3945 281,
391 3879 426 3931 ut
449 3867 575 3932 fabulae
598 3866 626 3930 Χ
649 3877 680 3930 61
698 3864 757 3929 XV
776 3877 898 3953 partem
922 3866 1134 3954 «argumenti
1154 3867 1202 3930 sui
1221 3889 1315 3934 causa

127 3987 264 4052 libenter
306 3987 580 4075 praetermiserit»
618 3986 666 4050 vir
705 3985 882 4074 religiosum
924 3997 996 4050 sunt
1031 3986 1103 4050 illae
1137 4010 1158 4049 «
1169 3987 1314 4054 adversus

126 4108 324 4192 mulieres»
361 4108 503 4186 Titulus,
540 4130 635 4196 quem
673 4106 840 4172 Torrcuius
872 4106 998 4171 Valerio
1029 4108 1093 4185 lv,
1124 4113 1144 4172 4
1170 4111 1187 4193 3
1215 4110 1316 4199 961Ι-

127 4229 267 4295 dendum
302 4240 484 4306 censuerat,
509 4228 625 4316 legitur
648 4226 731 4318 apud
756 4226 900 4292 Paridem
923 4228 1046 4293 etiamsi
1071 4251 1089 4292 a
1113 4228 1197 4295 Maio
1221 4233 1316 4296 omis-

128 4373 200 4428 sus,
238 4348 317 4438 Cap.
346 4354 365 4415 4
390 4348 414 4438 S
440 4352 479 4414 8:
531 4348 683 4414 «Eadem
707 4371 783 4436 gens
804 4347 927 4412 nullum
953 4359 1026 4414 ante
1050 4349 1225 4439 scripulum
1248 4354 1317 4417 auri

128 4471 260 4549 habuit,
299 4493 395 4559 quam
431 4469 566 4546 Paulus,
599 4469 691 4533 Perse
721 4491 802 4557 rege
833 4469 936 4548 ricto,
971 4471 1008 4554 Q.
1044 4469 1133 4535 Aelio
1159 4471 1318 4539 Tuberoni

130 4593 271 4681 quinque
305 4592 399 4657 libras
433 4591 501 4656 auri
525 4589 736 4669 dimitteret3»
761 4590 849 4677 atqui
873 4590 998 4679 utrique
1023 4593 1144 4657 auctori
1169 4592 1318 4660 reddatur

1034 4712 1069 4762 19
1081 4711 1093 4740 Ι
