2888 5144
136 307 199 372 174
612 319 721 368 ruerus
744 319 850 367 eante.

84 511 86 515 ’
178 489 296 557 contra
331 489 507 557 adiicienda
543 503 589 557 est
623 496 638 556 i
669 494 686 577 §
720 495 763 556 33
793 489 893 556 aiusd.
928 487 1032 580 Cap,
1064 489 1215 558 Latinum
1239 493 1319 559 enim

132 624 178 677 est
212 634 233 675 «
248 611 512 679 Gladiatorium
543 633 705 690 munnam
737 609 822 699 quod
845 608 941 675 habet
964 610 1115 677 coderet
1140 612 1245 678 Valer.
1270 614 1318 694 ΙΙ,

133 733 253 817 457.
302 732 366 800 Sed
389 732 475 799 aliud
497 755 624 822 quoqne
647 732 742 798 huius
774 731 964 821 paragraphi
993 732 1162 799 collatione
1193 734 1319 801 edoctus

131 875 215 933 sum;
249 854 335 942 quod
366 854 452 921 enim
484 853 649 943 Komplius
680 852 831 918 suadente
864 852 1022 919 Gronovio
1047 853 1167 919 addidit
1194 855 1318 922 Valerio

130 996 167 1041 ax
195 975 390 1041 auctoritate·
414 975 507 1039 unius
537 972 611 1038 libri
634 974 843 1064 antiquissimi
867 996 1013 1038 «munus
1036 973 1197 1040 dederunt
1220 976 1265 1042 Μ.
1291 989 1320 1042 et

130 1095 280 1161 Decimus
304 1094 362 1160 filii
385 1094 477 1159 Bruti
499 1092 616 1158 Perae
638 1094 765 1160 funebri
788 1095 940 1160 memoria
963 1095 1060 1183 patris
1080 1095 1202 1162 cineres
1220 1095 1320 1162 hono·

131 1215 276 1293 rando,>›
308 1212 391 1304 apud
422 1212 568 1279 Paridem
600 1235 728 1301 quoque
758 1215 885 1292 inveni,
915 1215 1038 1280 etiamsi
1061 1215 1141 1280 illud
1165 1239 1320 1306 agnomen

126 1312 239 1424 pirae
262 1332 378 1398 lineola
402 1333 535 1398 cinxerit
558 1329 675 1398 codicis
698 1341 866 1396 corrector.

176 1451 269 1519 blodo
304 1451 438 1519 vidimus
472 1452 617 1541 plurimis
652 1451 729 1516 locis
763 1450 885 1515 Maium
921 1473 1022 1516 unum
1057 1452 1249 1518 vocabulum
1275 1455 1320 1520 rel

129 1571 220 1664 plura
251 1572 409 1652 omisisse,
450 1572 535 1661 quod
565 1571 690 1638 etiamsi
719 1569 894 1636 notandum
917 1571 1038 1660 ignosci
1060 1584 1184 1661 potest,
1210 1586 1318 1640 contra

129 1692 215 1759 hand
247 1715 348 1784 aequo
381 1695 486 1758 animo
517 1692 684 1760 ferendum
715 1691 857 1770 ridetur,
889 1690 974 1780 quod
998 1690 1195 1759 doctissimus
1221 1695 1320 1763 editor

128 1826 209 1882 totas
239 1813 379 1880 omiserit
407 1813 639 1904 paragraphus,
673 1834 754 1901 quae
788 1812 975 1901 quantocius
1013 1810 1119 1879 Paridi
1141 1814 1318 1884 reddendae

129 1947 217 2001 sunt.
266 1933 349 2001 Sunt
384 1947 489 2000 autem
513 1934 592 2001 hae:
624 1933 721 1999 Libro
744 1932 797 2012 ΙΙ,
824 1930 902 2022 Cap.
930 1937 949 1998 2
981 1936 1094 2023 post§
1123 1939 1164 2001 13
1188 1935 1228 2003 de
1253 1937 1318 2005 Sci·

125 2057 221 2146 pione
253 2056 402 2121 Africano
438 2056 542 2121 omisit
581 2068 674 2144 turpe
706 2054 826 2120 factum
867 2054 1021 2145 Scipionis
1058 2057 1249 2124 Numantini
1281 2082 1315 2125 ar

130 2175 257 2242 Valerio
292 2177 343 2256 ΙΙ,
381 2180 399 2242 7
438 2182 455 2264 §
495 2181 534 2243 13
569 2176 614 2242 sic
648 2187 849 2264 excerptum:
901 2175 1050 2268 «Scipio
1081 2179 1317 2245 Namaatiaas

129 2305 235 2387 capta
282 2295 519 2387 Carthagine,
569 2304 770 2362 ceterarum
811 2300 966 2386 gentiam
1006 2299 1240 2389 transfugas,
1284 2304 1316 2365 ia

127 2417 274 2482 edendis
291 2421 423 2511 populo
448 2419 678 2508 spectaculis,
703 2417 827 2482 bestiis
846 2418 1005 2483 obiecit.»
1039 2418 1134 2485 Libro
1155 2419 1218 2499 vl,
1240 2419 1314 2510 Gap.

129 2543 150 2604 3
182 2550 254 2628 post
289 2541 307 2624 §
343 2543 363 2605 6
400 2539 501 2605 Maius
536 2538 595 2604 sibi
629 2538 760 2604 retinuit
796 2538 957 2604 Romanae
982 2541 1153 2606 severitatis
1177 2564 1314 2608 severum

128 2659 307 2748 exemplum
344 2683 381 2726 er
417 2659 542 2726 Valerio
579 2659 643 2736 VI,
681 2664 701 2724 3
739 2661 756 2744 §
784 2665 803 2725 3
829 2659 885 2725 ult.
911 2660 955 2725 sic
975 2658 1217 2727 abbreviatum:
1244 2686 1265 2726 ‹<
1278 2659 1313 2728 G.

129 2779 170 2845 V
168 2784 334 2846 ettieaam
372 2789 536 2858 sanatas,
577 2779 670 2868 qaod
699 2778 834 2869 digitos
863 2780 933 2844 sibi
960 2784 1133 2848 sinistrae
1169 2807 1313 2861 manas,

127 2923 170 2966 ae
208 2902 295 2965 bello
330 2901 461 2967 Italico
493 2902 687 2978 militaret,
721 2900 943 2979 absciderat,
977 2903 1130 2967 vinealis
1159 2908 1313 2970 aeternis
1342 2928 1344 2934 ·

127 3021 348 3091 damnavit.»
384 3013 452 3086 Nee
484 3044 536 3086 me
568 3019 784 3086 adversantem
814 3019 945 3087 habebit
977 3022 1023 3101 is,
1059 3023 1114 3111 qni
1145 3022 1208 3091 hoe
1238 3023 1314 3091 duca

127 3141 330 3208 inserendum
362 3141 489 3207 Valerio
514 3153 658 3208 censeat:
690 3142 791 3206 «sibi
814 3142 965 3209 sinistrae
988 3165 1101 3209 manns
1125 3143 1240 3234 digitos
1263 3146 1314 3211 ab·

126 3261 262 3328 sciderat
275 3286 310 3342 ,a
343 3261 429 3350 quod
460 3261 590 3352 Pighius
622 3263 656 3328 in
688 3285 752 3328 uno
784 3262 892 3329 codice
923 3264 1088 3330 inventurn
1111 3287 1176 3330 non
1200 3266 1314 3357 impro-

126 3380 222 3448 bavit.
269 3382 415 3472 Denique
447 3384 543 3451 Libro
573 3384 667 3461 vlu,
702 3382 782 3474 Gap.
820 3387 860 3449 10
892 3397 962 3475 post
995 3389 1012 3471 §
1045 3383 1146 3450 5hoc
1166 3407 1313 3477 magnam

125 3504 244 3569 artium
280 3504 410 3570 effectus
444 3503 671 3570 documentum
705 3528 742 3570 er
774 3504 879 3572 Valer.
912 3502 1005 3584 Vlll,
1041 3511 1078 3571 ll
1114 3505 1186 3572 llxt.
1221 3511 1241 3572 4
1271 3507 1314 3575 his

126 3625 229 3691 serbis
265 3636 468 3715 excerptum:
526 3625 683 3714 «Equus
715 3629 866 3716 pictura
905 3648 1013 3713 eqaae
1044 3628 1169 3716 pictae
1208 3637 1314 3694 motas

123 3745 355 3824 adhiaaiit,·>›
385 3746 418 3810 in
444 3767 507 3834 quo
526 3746 598 3812 loco
618 3767 682 3812 non
703 3745 789 3811 valet
812 3745 889 3811 Maii
912 3745 1050 3835 religiosi
1072 3746 1130 3812 ista
1154 3747 1312 3827 defensio,

125 3889 200 3943 nam
221 3866 334 3932 iisdem
356 3866 422 3931 istis
446 3865 627 3932 censoribus
653 3870 670 3952 §
696 3870 717 3932 6
741 3878 774 3934 et
798 3871 816 3931 7
842 3866 1040 3933 damnandae
1063 3881 1177 3934 essent.

124 4029 128 4041 ·
172 3987 293 4073 Quibus
323 3987 432 4076 itaque
464 3986 583 4053 Paridis
607 3987 708 4054 verbis
731 3986 853 4077 publici
875 3987 951 4053 iuris
974 3988 1064 4054 factis
1088 3989 1255 4057 redeamus
1278 3989 1312 4056 ad

124 4108 301 4173 sanandum
340 4108 473 4175 Librum
506 4108 557 4188 ll,
582 4109 639 4175 ubi
663 4107 742 4198 Gap.
770 4113 789 4173 2
816 4111 833 4193 §
861 4109 901 4174 15
926 4110 1060 4200 impegit
1085 4110 1188 4177 Maius
1212 4112 1246 4178 in
1267 4112 1311 4178 his

125 4228 247 4295 verbis:
297 4231 363 4296 «L.
395 4230 531 4296 Marcius
561 4229 600 4296 de
631 4229 725 4296 rebus
756 4230 833 4295 actis
866 4253 884 4295 a
916 4253 948 4296 se
978 4230 1136 4310 scribens,
1167 4232 1202 4298 in
1229 4232 1311 4300 hune

123 4348 255 4416 modum
277 4373 362 4417 asae
385 4363 450 4417 est:
478 4351 515 4416 L.
539 4351 675 4419 Marcius
698 4373 755 4442 pro
780 4363 962 4442 praetore.»
992 4349 1033 4416 At
1052 4351 1308 4421 coderetValer.¹

123 4472 174 4550 ΙΙ,
207 4475 227 4538 7
259 4475 276 4558 §
309 4476 350 4537 15
382 4483 467 4537 recte
499 4473 646 4538 omnino:
683 4495 812 4539 «orsas
843 4485 934 4551 est,»
964 4495 1038 4538 nam
1068 4472 1172 4562 agitur
1202 4473 1243 4542 de
1265 4473 1307 4541 his

124 4606 262 4682 quatuor
284 4592 387 4660 verbis
408 4604 546 4661 tantum.
