2888 5144
313 327 474 376 comino
500 326 641 373 comcls.
693 328 757 374 mu.
785 309 811 374 I.
839 313 856 394 §
883 316 1027 379 56-60.
1171 352 1174 357 -
1241 314 1282 375 79

210 520 317 562 omnes
569 516 663 562 0&le

208 671 317 736 Graios
568 628 713 734 andedos
804 669 835 734 d.
862 692 900 736 ec

208 793 312 857 minus
333 789 339 880 Ι
359 791 507 856 barbaros
568 813 600 878 p.
629 793 704 854 153.
761 823 763 828 ·

212 966 370 1031 Romanos
571 921 711 1028 uocmuu⁸

210 1084 308 1174 Atqui
570 1081 668 1172 Adqui

144 1287 152 1303 .
208 1220 354 1297 gentem,
394 1206 519 1294 ingenia
566 1203 784 1293 Repetuntur,
809 1205 862 1269 sed
884 1219 1002 1295 puncta
1023 1210 1153 1298 singulis
1173 1212 1284 1278 litteris

144 1312 147 1317 ’
257 1328 449 1416 quaerimus.
614 1322 813 1412 superaddita
839 1342 922 1394 sunt.

530 1511 645 1602 eaput
669 1512 851 1581 xxxvm.

96 1698 181 1779 §59.
208 1692 270 1760 Sed
294 1692 378 1785 apud
399 1715 468 1769 me,
490 1702 525 1755 ut
572 1708 887 1757 seuunuuueumuuu

133 1865 142 1887 .
252 1813 337 1904 apud

201 1936 326 2002 ualent.
349 1933 354 2023 Ι
376 1936 457 2001 Tum
572 1957 603 2021 p·
631 1934 706 1996 154.

756 2027 770 2060 'l'

209 2077 388 2145 offendisset
573 2076 758 2149 offendisse

210 2267 260 2333 te,
285 2267 316 2320 te
335 2253 517 2333 infelicem,
567 2207 1032 2342 Auelluemceumlquldulmco
1068 2256 1099 2320 d.
1112 2274 1146 2336 Δ;
1161 2280 1191 2345 p.
1205 2260 1282 2322 265.

253 2376 369 2464 inlquit
388 2375 493 2440 villico

98 2498 183 2579 §eu
209 2496 313 2586 inqut

573 2644 605 2654 ..
659 2618 720 2654 mue

210 2671 306 2735 animi
319 2669 536 2735 veredueebat
572 2665 908 2738 inunmoneeucemr

209 2815 278 2857 eam
296 2813 383 2857 cons.
403 2789 456 2855 sed
469 2813 523 2854 vo·
571 2788 700 2854 Addidit
726 2793 758 2856 2.

254 2912 350 2978 lebat.
389 2911 454 2976 ld-

607 3031 613 3042 .
621 3009 634 3040 B

208 3057 354 3123 libidines
570 3054 725 3157 uuidmes

210 3178 295 3245 vides
572 3176 674 3249 uidem

210 3301 313 3389 regale
337 3302 362 3365 si
571 3288 715 3365 ueduues

210 3496 281 3563 pars
305 3471 434 3563 opitima
571 3423 787 3546 Pulsonlncm
877 3499 910 3562 p.
938 3481 1015 3544 266.

615 3623 619 3632 .
628 3600 642 3632 B

209 3646 406 3712 libidinibus·
571 3650 772 3718 munlmmus
863 3654 893 3718 d.
918 3679 966 3744 pr.
993 3678 1014 3718 u

210 3767 313 3856 inquit
571 3765 681 3858 utquid

203 3921 207 3927 .
575 3897 652 3933 idl'l'uu

209 3945 306 4033 igitur
441 3983 444 3986 -
570 3966 681 4035 luqum
773 3950 805 4014 d.
832 3963 888 4014 tot.
914 3973 982 4014 voc.

212 4064 360 4130 affectum
572 4065 741 4139 Aduecuuu
833 4069 909 4141 dd

208 4208 318 4296 magis.
361 4209 521 4299 llrgonon
568 4215 1188 4283 emiseneonomnorecnumihnueno

252 4329 394 4417 profecto

571 4506 734 4598 Apparent
767 4509 956 4578 lineolarum
991 4511 1141 4600 vestigia,
1167 4512 1284 4600 quibus

612 4627 755 4696 deleatur
777 4634 863 4720 prius
887 4633 964 4702 illud
991 4650 1184 4699 uumseueo.
