2888 5144
601 319 709 366 mirus
735 321 839 368 ranis.
1254 309 1316 371 165

128 490 212 557 enim
234 489 340 556 (lodex
357 489 412 554 N⁰.
430 493 517 554 4929
530 489 790 555 membranaceus
803 491 923 555 formae
942 491 1133 578 quadratae,
1154 495 1237 560 foliis
1252 498 1316 560 199

128 611 209 676 binis
233 611 388 676 columnis
408 621 564 688 exaratus3
591 612 732 675 continet
757 624 881 688 autem,
906 634 980 676 nam
1004 613 1083 678 labn
1104 628 1224 703 partem
1244 629 1318 682 tan-

128 742 194 796 tum
219 742 396 807 memorat,
421 729 520 796 baec:

170 852 194 917 f.
223 853 254 916 1.
304 850 530 939 Fragmentum
550 851 588 916 de
615 849 793 939 dlpbabcto
819 851 939 918 Gracco
963 866 994 918 et
1019 854 1165 920 Numeris
1190 856 1316 923 Graecis

127 971 166 1036 ab
191 970 443 1061 ignorantissimo
468 971 600 1035 infolio
625 973 850 1061 compactionis
875 974 1100 1063 conscriptum.

171 1094 194 1158 f.
229 1095 340 1157 2—26
374 1115 403 1156 r.
455 1089 647 1156 Censorinus
669 1091 709 1158 de
734 1092 792 1158 Die
816 1093 940 1172 Natali,
967 1103 1074 1183 (quem
1100 1096 1181 1162 Iahn
1204 1111 1318 1162 contu·

127 1213 184 1291 lit,
217 1212 271 1278 sed
305 1214 371 1291 ita,
406 1225 439 1276 ut
470 1211 556 1276 baud
587 1235 688 1301 pauca
720 1213 800 1278 mibi
831 1215 995 1303 reliquerit
1021 1215 1165 1281 addenda
1188 1217 1320 1284 editioni

128 1355 201 1399 suae
236 1332 355 1420 (Berol.
396 1331 515 1420 1845),
553 1331 592 1398 de
624 1356 686 1421 qua
716 1333 792 1398 alias
816 1333 957 1400 dicturus
981 1358 1070 1416 sum,
1102 1349 1138 1402 ut
1170 1353 1319 1428 appareat

128 1454 305 1521 accuratius
340 1452 444 1519 adhuc
478 1453 565 1518 hunc
598 1453 740 1519 codicem
773 1457 951 1544 conspirare
985 1479 1059 1522 cum
1090 1458 1171 1524 libro
1205 1459 1319 1524 llarm·

128 1574 276 1641 stadiensi
299 1573 543 1663 antiquissimo).

172 1697 195 1761 Ι.
235 1696 277 1760 26
313 1718 343 1761 r.
377 1731 423 1742 -—
459 1700 513 1759 34.
574 1695 735 1760 Incertum
771 1696 998 1785 Fragmentum
1030 1698 1114 1786 quod
1145 1698 1318 1766 Censorino

128 1818 220 1908 vulgo
245 1816 467 1905 subiungitur,
492 1815 576 1905 apud
599 1816 679 1881 Iabn
702 1841 735 1905 p.
762 1822 805 1882 73
830 1842 921 1907 sqq.‚
949 1818 1001 1908 (de
1022 1842 1085 1908 quo
1101 1820 1319 1887 idemdictum

130 1962 195 2005 esse
220 1937 342 2024 velim).

171 2061 195 2125 f.
234 2062 380 2126 35-50.
431 2059 601 2147 Praecepta
638 2058 722 2124 Artis
759 2059 896 2125 Musicae
927 2060 1060 2126 collecta
1093 2085 1129 2126 ex
1156 2061 1245 2127 libris
1268 2086 1320 2129 sex

132 2181 251 2247 Aurelii
275 2180 457 2270 Augustini3
485 2202 503 2242 a
527 2179 610 2245 Maio
633 2178 718 2245 edita
742 2178 858 2269 Script.
885 2179 956 2246 Vet.
980 2194 1056 2246 tom.
1084 2182 1153 2259 ΙΙΙ,
1178 2207 1249 2272 pars
1274 2190 1318 2262 3,

131 2324 199 2391 pag.
229 2303 424 2378 116-134,
451 2323 532 2388 quae
556 2299 669 2364 collata
693 2300 773 2364 infra
798 2302 964 2388 corrigam.

172 2420 196 2485 f.
233 2425 378 2486 50-54.
431 2422 573 2506 Quatuor
603 2418 770 2485 Sermones
795 2420 1025 2499 Dominicales,
1051 2446 1068 2485 a
1093 2422 1176 2488 Maio
1200 2422 1318 2488 ibidem

132 2564 201 2631 pag.
243 2544 421 2607 135-144
457 2540 550 2629 longe
585 2541 761 2605 accuratius
798 2564 892 2629 quam
924 2543 1051 2608 classica
1083 2566 1177 2633 opera
1198 2544 1319 2634 publici

133 2663 204 2728 iuris
239 2662 335 2740 facti,
372 2663 494 2728 etiamsi
530 2684 547 2724 a
582 2683 679 2725 manu
714 2662 887 2727 recentiore
921 2665 1036 2729 exarati
1068 2687 1127 2729 nec
1151 2666 1194 2729 ita
1218 2666 1317 2731 nitide

134 2783 238 2873 scripti
261 2806 359 2871 quam
382 2795 498 2848 cetera.

172 2905 196 2970 f.
224 2906 367 2970 55-77.
416 2903 519 2968 Plauti
544 2901 707 2968 Aulularia
730 2905 836 2969 futuro
860 2904 972 2970 editori
995 2905 1080 2970 haud
1103 2906 1291 2994 spernenda.

175 3027 198 3092 f.
226 3029 267 3091 77
293 3048 323 3089 r.
349 3064 393 3073 -
418 3028 472 3088 78.
522 3022 702 3113 specimina
725 3023 910 3110 labyrinthi.

174 3148 198 3212 f.
226 3149 269 3211 79
293 3168 323 3211 r.
349 3184 393 3194 -
420 3149 496 3209 146.
553 3145 652 3209 lulius
687 3145 792 3222 Paris,
830 3167 925 3233 quem
962 3147 1136 3210 accuratius
1166 3147 1318 3213 collatum

135 3267 236 3333 statim
259 3267 417 3356 proferam
440 3267 554 3354 passim
575 3263 789 3329 emendatum.

174 3389 198 3453 f.
227 3390 416 3453 146-148.
466 3385 561 3450 Liber
584 3384 731 3450 Decimus
753 3385 793 3448 de
814 3385 1094 3465 Praenominibus,
1116 3389 1172 3475 qui
1193 3387 1319 3454 Valerio

136 3507 268 3575 llarimo
292 3508 386 3596 vulgo
411 3480 612 3585 adscribitur3
638 3505 708 3572 vide
731 3506 813 3571 infra
838 3507 996 3572 Lectionis
1021 3507 1223 3573 Varietatem.

174 3631 198 3695 f.
235 3633 298 3695 148
323 3652 352 3694 r.
377 3658 423 3681 -·-
449 3631 524 3694 188.
574 3628 764 3716 Pomponius
792 3627 894 3707 Mela,
927 3649 1023 3716 quem
1047 3627 1080 3692 in
1104 3650 1196 3693 usum
1219 3651 1318 3695 norae

136 3749 276 3816 editionis
300 3749 338 3814 A.
366 3748 502 3836 Parthep
526 3749 769 3814 examinandum
793 3750 926 3814 curarit.

174 3871 197 3936 f.
227 3873 415 3936 rsa—195.
454 3869 565 3935 Vibius
590 3869 759 3958 Sequester
770 3869 1021 3960 geographorum
1041 3869 1213 3934 editoribus
1231 3869 1317 3936 baud

137 3990 339 4080 spernendus.

175 4112 198 4178 f.
229 4115 418 4177 luo-tua.
468 4111 571 4179 Series
594 4112 760 4177 ministerii
780 4109 944 4176 cuiusdam
966 4109 1113 4187 arnulfi,
1133 4133 1171 4175 er
1193 4113 1319 4176 saeculo

137 4251 197 4312 m,
222 4256 346 4323 pennae
369 4232 588 4321 probationes,
614 4246 728 4299 cetera.

179 4352 284 4420 Codex
316 4366 361 4419 est
392 4366 493 4419 aetate
516 4352 776 4442 etulcalligrapbia
800 4350 996 4442 spectabilis,
1023 4350 1102 4416 labn
1128 4352 1246 4419 Maium
1271 4378 1320 4419 se·

138 4487 223 4540 cutus
246 4475 371 4540 saeculo
395 4473 516 4539 decimo
541 4497 614 4539 eum
638 4473 769 4551 tribuit,
791 4471 844 4538 scd
866 4471 952 4536 haud
972 4472 1034 4536 scio
1054 4495 1093 4537 an
1113 4472 1174 4538 hoc
1186 4474 1320 4538 nimium

139 4594 185 4675 sit3
223 4596 371 4684 equidem
406 4595 499 4660 huius
536 4596 580 4661 rei
615 4595 799 4683 peritiorum
835 4593 977 4659 iudicum
1012 4595 1184 4660 sententiae
1219 4594 1321 4660 libens
