2888 5144
496 328 616 375 CICERO
640 329 683 375 DE
707 329 750 374 RB
775 332 931 382 eunucu.

226 496 377 584 religione

228 619 395 684 elementia

112 1115 196 1196 §aa
225 1114 311 1198 Quae

223 1299 289 1365 est,
316 1286 462 1351 Africane

222 1407 419 1498 Pythagorae

220 1531 317 1618 ipsius
340 1529 371 1594 d.
397 1551 423 1592 a.
447 1551 475 1592 e.
496 1528 531 1592 P.

265 1651 359 1717 fuisse
380 1648 385 1737 Ι

218 1836 296 1887 natu
320 1821 495 1887 audivimus

219 2013 249 2066 et
270 2001 314 2064 ita
330 1998 534 2088 intelligimus

219 2172 382 2238 annalium

216 2350 318 2428 enim,
341 2348 467 2426 Manili,
485 2349 535 2412 in·

263 2472 351 2560 quit,
377 2471 408 2535 id

216 2647 327 2711 fictum

215 2821 359 2908 imperite

216 2993 325 3057 fictum

215 3189 278 3231 non
303 3165 403 3230 solum

215 3339 296 3403 saeta
320 3360 405 3417 esse,
432 3338 482 3404 sed

216 3959 363 4035 quartum
384 3943 391 4035 Ι
411 3945 473 4008 iam

214 4101 366 4178 regnante
429 4087 527 4152 Lucio

260 4208 431 4296 Tarquinio

212 4377 358 4464 Sybarim

149 4487 152 4495 ¹
211 4511 314 4589 partes
332 4498 523 4588 Pythagoras

212 4621 367 4709 reperitur

590 514 779 568 nemmoue‘

590 639 795 689 chenettfflm

602 845 717 938 Caput
741 849 811 913 XV.

615 1064 645 1100 ΛΘ

584 1133 639 1199 qui

581 1244 591 1269 e

586 1304 820 1353 simnmciune
916 1285 946 1351 d.
973 1309 1058 1376 pn(

586 1407 844 1475 nrahaeoniene

582 1527 669 1593 Haec
699 1529 732 1592 in
756 1552 829 1618 pag.
856 1532 920 1594 295
943 1531 1055 1595 omissa
1079 1531 1197 1598 addidit
1223 1537 1244 1598 2
1270 1535 1305 1599 in

627 1632 856 1738 imo'margine
883 1653 1016 1741 paginae
1040 1653 1216 1742 superioris.

793 1779 809 1811 Ν

581 1781 832 1913 unnuaaudidus
927 1826 957 1890 d.
984 1848 1005 1888 a
1028 1838 1103 1894 etB

580 2016 910 2066 euantunetneemus

583 2191 792 2238 tununntlun

568 2296 620 2332 euin
794 2291 815 2333 id

579 2366 799 2436 anuiniiuqum

600 2606 606 2631 1

578 2666 704 2712 incana

576 2839 746 2886 maenum
838 2821 869 2885 d.
894 2842 913 2884 n

602 2952 608 2976 ι

576 3012 707 3058 Factum

622 3118 695 3157 sanun

577 3185 640 3230 NON

577 3293 738 3406 Ficudssdl
841 3340 918 3407 cod.
949 3346 962 3406 l
982 3341 1110 3428 saeta,
1137 3346 1155 3406 2
1172 3343 1295 3430 salsa.

621 3461 734 3528 Maius.
784 3461 874 3547 Quod
910 3463 934 3526 si
969 3486 1077 3528 verum
1112 3477 1181 3543 est,
1218 3465 1299 3533 latet

620 3581 799 3648 emendatio
812 3583 870 3647 sub
884 3581 1051 3672 Augustini
1063 3583 1278 3652 desiderium
1284 3613 1297 3667 ,·

618 3702 766 3792 equidem
801 3703 864 3793 legi
894 3703 1093 3770 emendatam
1123 3705 1297 3773 lectionem

605 3824 712 3909 ficta.
917 3870 927 3897 ,

575 3965 607 4031 p.
634 3947 712 4010 296.
762 3944 799 4029 Q.
825 3944 910 4011 xvl.

576 4064 1105 4181 neenanaeanucuimanquimai
1212 4093 1244 4159 d.
1271 4117 1296 4156 ω

618 4219 649 4271 et
674 4226 706 4272 tl

566 4333 578 4366 a

572 4401 695 4449 ultima

570 4521 879 4572 Ptuatsl’uuanonts

571 4641 776 4694 uePPentruu
