2888 5144
573 327 672 375 surus
696 327 837 375 consors.
1257 313 1298 375 25

111 520 183 566 cem
228 498 352 564 saeculo
395 510 480 564 sexto
520 496 574 564 sed
609 497 664 563 diu
698 510 772 563 aute
805 509 978 563 exaratum.
1038 496 1198 586 Quidquid
1232 509 1299 575 est,

111 619 188 685 huic
230 619 396 708 aequalem
440 619 600 709 posuerim
643 618 812 707 Virgilium
857 617 1047 685 Vaticanum
1090 617 1147 684 ΝΟ.
1197 620 1299 697 3867,

111 762 130 803 a
155 761 220 828 quo
242 739 293 804 vir
315 737 430 804 distare
452 739 577 804 videtur
601 738 721 804 Gellius
743 738 962 828 palimpsestus
985 738 1146 804 Palatinus
1170 739 1301 804 crassius

111 859 341 949 aliquantisper
370 858 559 949 descriptum
584 858 723 948 denique
745 871 848 924 totum
870 858 950 924 illud
974 859 1222 925 maiuscularum
1246 881 1301 949 ge·

111 1003 172 1046 nus
196 979 321 1046 saeculo
344 993 429 1046 serto
453 982 614 1070 antiquius
636 980 716 1060 fuit,
741 993 777 1046 ut
799 993 884 1047 recte
907 980 1002 1046 huius
1017 981 1064 1048 rei
1075 982 1170 1070 periti
1181 980 1301 1048 iudices

111 1102 332 1192 pronuntiant.
445 1119 450 1131 ·

122 1284 125 1289 .
160 1222 312 1288 Attamen
334 1221 488 1311 paulatim
511 1223 705 1312 irrepserunt
726 1221 925 1288 minusculae
948 1221 1144 1302 nonnullae,
1167 1245 1304 1312 quarum

114 1343 217 1409 forma
247 1356 344 1432 atque
370 1365 522 1409 numerus
548 1343 638 1410 nobis
661 1343 803 1409 indicant
827 1355 962 1409 aetatem
984 1343 1119 1423 librarii3
1145 1342 1186 1409 de
1208 1345 1304 1411 semi·

114 1464 294 1530 uncialibus
317 1487 404 1531 nunc
426 1464 597 1530 dicendum
615 1461 676 1530 est.
725 1465 831 1531 Primo
850 1487 966 1553 nempe
985 1464 1150 1555 pristinam
1169 1464 1304 1530 formam

115 1585 297 1652 retinebant
329 1605 370 1666 a,
404 1605 443 1664 c,
475 1605 517 1664 r,
550 1605 589 1665 r,
616 1604 786 1666 o,1³,u,
813 1583 1303 1674 s‚x,r,nisiquodr,r‚

115 1718 149 1773 et
170 1707 273 1772 forrna
295 1706 415 1773 novitia
436 1707 573 1772 litterae:
598 1707 759 1796 qinfcrne
777 1707 1053 1796 protraherentur,
1078 1729 1185 1773 verum
1203 1726 1220 1770 a
1241 1707 1306 1772 iam
1362 1728 1364 1732 ’

115 1827 280 1894 desinebat
311 1828 367 1894 sic:
401 1850 422 1896 a
454 1827 548 1894 scribi
579 1826 698 1916 absque
720 1826 837 1893 lineola
860 1839 1056 1907 transversa,
1081 1827 1199 1918 quippe
1223 1849 1305 1916 quae

116 1949 213 2014 simul
243 1972 317 2015 cum
347 1950 452 2038 priore
482 1949 598 2014 lineola
621 1949 747 2015 tenuior
769 1970 841 2014 mox
865 1950 1061 2015 coniunctim
1084 1949 1118 2014 in
1143 1960 1306 2014 curvatam

115 2069 253 2135 soranam
275 2082 456 2149 contracta,
480 2071 604 2135 litterae
625 2092 646 2158 9
672 2082 852 2135 constanter
875 2069 976 2135 cauda
1000 2068 1190 2136 adhaerebat
1210 2070 1306 2159 longa

117 2190 243 2257 etiamsi
276 2190 420 2270 tenuior,
457 2210 481 2256 11
515 2191 548 2256 iu
582 2189 666 2256 hanc
695 2190 847 2255 formam:
884 2189 1117 2269 htransierat‚
1144 2209 1162 2255 u
1187 2203 1306 2281 ceteras

117 2331 266 2377 mensura
298 2310 485 2400 superabat,
519 2311 596 2390 oin
616 2310 800 2399 vulgarem:
827 2333 848 2399 q
872 2310 968 2389 abiit,
993 2330 1014 2374 v
1038 2333 1160 2399 semper
1182 2335 1258 2401 per:
1284 2335 1318 2402 u*

118 2431 371 2522 significabatur3
410 2431 504 2497 simul
539 2454 613 2497 cum
647 2431 696 2497 his
729 2432 831 2497 maius
860 2430 1028 2496 discrimen
1060 2431 1244 2497 observatur
1273 2434 1307 2499 in

120 2571 164 2633 n,
196 2573 278 2642 quae
309 2551 372 2617 sic:
407 2555 426 2628 ὸ
458 2562 638 2617 constanter
666 2563 830 2630 exaratur,
864 2550 941 2616 dum
964 2571 984 2617 r
1007 2550 1117 2616 itidem
1142 2573 1200 2641 pro
1222 2553 1308 2620 linea

120 2683 207 2738 recta
236 2695 295 2762 per
323 2684 486 2739 curvatam
517 2671 666 2737 scribitur
695 2684 732 2737 ut
762 2693 800 2751 c,
830 2672 864 2737 in
895 2694 959 2761 qua
980 2671 1099 2737 lineola
1121 2673 1307 2738 tenuissima

121 2792 175 2860 scd
205 2793 329 2882 longior
360 2816 455 2882 quam
483 2805 577 2858 autea
599 2806 774 2860 transversa
798 2805 927 2883 apparet
950 2793 984 2858 in
1007 2792 1094 2858 hunc
1113 2791 1245 2859 modum
1266 2816 1304 2876 ες

122 2927 169 2981 est
193 2913 305 2981 eadem
325 2913 426 2978 forma
446 2936 542 3002 quum
561 2914 701 2980 invenies
720 2915 753 2979 in
773 2915 869 2980 unico
889 2914 1048 2981 volumine
1066 2914 1199 2994 Latino,
1222 2913 1308 3005 quod

121 3059 159 3103 cx
181 3034 470 3101 Herculanensibus
492 3033 658 3100 ruderibus
678 3048 836 3101 serratum
855 3048 901 3101 est
922 3048 1017 3125 atque
1037 3034 1177 3114 editum,
1198 3057 1308 3102 verum

121 3157 154 3222 in
177 3155 227 3221 his
250 3156 433 3246 fragmentis
456 3155 573 3222 lineola
597 3156 738 3222 seiuncta
765 3155 954 3223 adscribitur
972 3169 1005 3222 et
1024 3157 1149 3223 brevior
1169 3157 1204 3222 iu
1222 3155 1310 3224 huuc

122 3275 253 3343 modum
279 3278 319 3366 (-.
351 3277 496 3366 lienique
518 3277 639 3343 accedit
659 3289 781 3343 certum
798 3276 966 3344 discrimen
986 3277 1019 3342 in
1039 3277 1144 3344 littera
1164 3297 1208 3356 ra,
1228 3301 1310 3369 quae

122 3399 167 3464 sic
209 3399 376 3477 scribitur,
415 3410 452 3463 ut
481 3410 616 3487 utraque
646 3398 762 3465 lineola
790 3399 924 3464 exterior
953 3398 1142 3463 intrinsecus
1182 3411 1311 3466 curvata

123 3533 228 3588 rectae
251 3520 386 3586 lineolae
396 3519 520 3585 mediae
540 3519 709 3584 adhaereat
728 3519 793 3584 fere
812 3519 845 3584 iu
863 3519 950 3584 hunc
969 3518 1120 3584 modum:
1144 3541 1177 3584 u.
1228 3520 1311 3587 Sunt

123 3642 203 3709 haec
234 3642 340 3706 omnia
373 3653 458 3707 certa
490 3653 521 3707 et
553 3641 747 3706 coniunctim
779 3652 965 3721 occurruut;
999 3640 1063 3704 iam
1095 3641 1164 3727 quis
1194 3663 1310 3730 quaeso

124 3764 253 3855 negabit
284 3786 301 3827 a
335 3762 538 3852 praecedenti
565 3761 723 3828 diversum
758 3763 930 3851 scripturae
962 3784 1061 3851 genus
1084 3760 1227 3850 dignosci
1246 3784 1311 3827 non

124 3907 230 3976 posse,
268 3882 353 3973 quod
388 3907 425 3949 ex
459 3883 614 3949 velociore
649 3881 806 3949 scribendi
829 3885 900 3968 {usu
935 3894 1046 3948 natum
1081 3881 1186 3948 fuerit.
1243 3881 1312 3950 Nec

124 4005 243 4072 latebat
272 4004 416 4071 librarios
444 4003 500 4069 has
531 4004 670 4082 litteras,
703 4026 781 4095 quas
813 4026 887 4070 cum
921 4001 1069 4070 Silvestre
1093 4002 1311 4070 semiuncialcs

124 4126 216 4206 dico,
247 4125 352 4216 priore
380 4124 481 4188 forma
512 4146 578 4190 esse
600 4122 786 4204 deteriores,
812 4124 944 4190 rusticas
967 4135 1078 4188 contra
1099 4124 1199 4213 magis
1223 4147 1310 4191 com-

124 4248 225 4338 posite
254 4259 410 4312 eraratas:
440 4243 496 4311 has
527 4268 602 4335 ergo
631 4245 824 4312 adhibebant
855 4244 894 4309 ad
925 4244 1055 4311 titulum
1086 4245 1136 4311 vel
1159 4244 1311 4311 lemmata

125 4368 353 4435 conscribenda
386 4367 513 4433 honoris
543 4366 756 4456 elegantiaevc
781 4389 895 4444 causa,
921 4379 956 4432 ut
980 4379 1105 4433 ateatu
1133 4365 1311 4433 differrent.

126 4490 274 4558 Silvestre
303 4490 396 4580 plura
426 4488 520 4554 huius
552 4487 597 4552 rei
630 4487 772 4576 exempla
803 4486 930 4566 laudat,
967 4489 1019 4553 cui
1043 4487 1082 4552 ad
1106 4510 1204 4577 genus
1227 4487 1309 4566 hoc,

124 4613 164 4680 dc
195 4636 259 4703 quo
291 4613 430 4702 agimus,
463 4608 719 4698 distinguendum
743 4610 890 4688 inservit,
921 4622 951 4676 et
976 4609 1025 4674 vel
1050 4609 1093 4674 sic
1116 4622 1221 4674 tamen
1245 4631 1310 4680 non
