<?xml version="1.0" encoding="UTF-8"?>
<!DOCTYPE html PUBLIC "-//W3C//DTD XHTML 1.0 Transitional//EN"
    "http://www.w3.org/TR/xhtml1/DTD/xhtml1-transitional.dtd">
<html xmlns="http://www.w3.org/1999/xhtml" xml:lang="en" lang="en">
 <head>
  <title>
</title>
<meta http-equiv="Content-Type" content="text/html;charset=utf-8" />
  <meta name='ocr-system' content='tesseract 3.04.00' />
  <meta name='ocr-capabilities' content='ocr_page ocr_carea ocr_par ocr_line ocrx_word'/>
</head>
<body>
  <div class='ocr_page' id='page_1' title='image "./schedaevaticana00rieugoog_0106.png"; bbox 0 0 2888 5144; ppageno 0'>
   <div class='ocr_carea' id='block_1_1' title="bbox 159 289 1297 375">
    <p class='ocr_par' dir='ltr' id='par_1_1' title="bbox 159 289 1297 375">
     <span class='ocr_line' id='line_1_1' title="bbox 159 289 1297 375; baseline 0.004 -19"><span class='ocrx_word' id='word_1_1' title='bbox 159 308 319 357; x_wconf 78' lang='lat' dir='ltr'><strong>cornaria</strong></span> <span class='ocrx_word' id='word_1_2' title='bbox 344 307 486 356; x_wconf 85' lang='lat' dir='ltr'><strong>courcrs.</strong></span> <span class='ocrx_word' id='word_1_3' title='bbox 524 307 588 353; x_wconf 80' lang='lat' dir='ltr'><strong>arn.</strong></span> <span class='ocrx_word' id='word_1_4' title='bbox 615 289 641 353; x_wconf 92' lang='lat'><strong>1.</strong></span> <span class='ocrx_word' id='word_1_5' title='bbox 668 291 686 373; x_wconf 89' lang='lat'>§</span> <span class='ocrx_word' id='word_1_6' title='bbox 711 292 857 354; x_wconf 78' lang='lat'><strong>69-71.</strong></span> <span class='ocrx_word' id='word_1_7' title='bbox 896 309 962 358; x_wconf 82' lang='lat' dir='ltr'><strong>arr.</strong></span> <span class='ocrx_word' id='word_1_8' title='bbox 991 291 1033 357; x_wconf 93' lang='lat' dir='ltr'><strong>ll.</strong></span> <span class='ocrx_word' id='word_1_9' title='bbox 1061 293 1079 375; x_wconf 56' lang='grc' dir='ltr'><strong>ς</strong></span> <span class='ocrx_word' id='word_1_10' title='bbox 1103 293 1202 358; x_wconf 84' lang='grc'><strong>1-2.</strong></span> <span class='ocrx_word' id='word_1_11' title='bbox 1256 298 1297 360; x_wconf 85' lang='grc'><strong>87</strong></span> 
     </span>
    </p>
   </div>
   <div class='ocr_carea' id='block_1_2' title="bbox 111 477 1302 1172">
    <p class='ocr_par' dir='ltr' id='par_1_2' title="bbox 111 477 1302 1172">
     <span class='ocr_line' id='line_1_2' title="bbox 160 477 1300 569; baseline -0.003 -24"><span class='ocrx_word' id='word_1_12' title='bbox 160 479 370 569; x_wconf 83' lang='lat' dir='ltr'><strong>«Subscripti</strong></span> <span class='ocrx_word' id='word_1_13' title='bbox 389 478 475 544; x_wconf 89' lang='lat' dir='ltr'><strong>tituli</strong></span> <span class='ocrx_word' id='word_1_14' title='bbox 496 479 625 567; x_wconf 82' lang='lat' dir='ltr'><strong>vestigia</strong></span> <span class='ocrx_word' id='word_1_15' title='bbox 642 489 716 542; x_wconf 90' lang='lat' dir='ltr'><strong>sunt</strong></span> <span class='ocrx_word' id='word_1_16' title='bbox 736 477 868 543; x_wconf 75' lang='lat' dir='ltr'><strong>evanida</strong></span> <span class='ocrx_word' id='word_1_17' title='bbox 887 491 1012 568; x_wconf 86' lang='lat' dir='ltr'><strong>praeter</strong></span> <span class='ocrx_word' id='word_1_18' title='bbox 1031 479 1171 545; x_wconf 89' lang='lat' dir='ltr'><strong>litteram</strong></span> <span class='ocrx_word' id='word_1_19' title='bbox 1193 479 1300 547; x_wconf 87' lang='lat' dir='ltr'><strong>·M·.»</strong></span> 
     </span>
     <span class='ocr_line' id='line_1_3' title="bbox 111 599 1301 690; baseline -0.001 -23"><span class='ocrx_word' id='word_1_20' title='bbox 111 603 225 668; x_wconf 89' lang='lat' dir='ltr'><strong>Maius.</strong></span> <span class='ocrx_word' id='word_1_21' title='bbox 284 601 357 666; x_wconf 90' lang='lat' dir='ltr'><strong>Non</strong></span> <span class='ocrx_word' id='word_1_22' title='bbox 408 601 441 665; x_wconf 93' lang='lat' dir='ltr'><strong>in</strong></span> <span class='ocrx_word' id='word_1_23' title='bbox 485 599 591 665; x_wconf 85' lang='lat' dir='ltr'><strong>lucem</strong></span> <span class='ocrx_word' id='word_1_24' title='bbox 644 611 789 664; x_wconf 82' lang='lat' dir='ltr'><strong>revocata</strong></span> <span class='ocrx_word' id='word_1_25' title='bbox 834 611 880 664; x_wconf 93' lang='lat' dir='ltr'><strong>est</strong></span> <span class='ocrx_word' id='word_1_26' title='bbox 914 599 1122 690; x_wconf 81' lang='lat' dir='ltr'><strong>subscriptio,</strong></span> <span class='ocrx_word' id='word_1_27' title='bbox 1160 623 1240 690; x_wconf 88' lang='lat' dir='ltr'><strong>quae</strong></span> <span class='ocrx_word' id='word_1_28' title='bbox 1275 603 1301 667; x_wconf 88' lang='lat' dir='ltr'><strong>si</strong></span> 
     </span>
     <span class='ocr_line' id='line_1_4' title="bbox 111 718 1301 812; baseline -0.001 -24"><span class='ocrx_word' id='word_1_29' title='bbox 111 724 210 789; x_wconf 84' lang='lat' dir='ltr'><strong>fuerit</strong></span> <span class='ocrx_word' id='word_1_30' title='bbox 244 721 420 812; x_wconf 85' lang='lat' dir='ltr'><strong>adscripta,</strong></span> <span class='ocrx_word' id='word_1_31' title='bbox 452 721 548 786; x_wconf 86' lang='lat' dir='ltr'><strong>rubro</strong></span> <span class='ocrx_word' id='word_1_32' title='bbox 583 718 720 810; x_wconf 88' lang='lat' dir='ltr'><strong>quodam</strong></span> <span class='ocrx_word' id='word_1_33' title='bbox 751 741 825 784; x_wconf 87' lang='lat' dir='ltr'><strong>suco</strong></span> <span class='ocrx_word' id='word_1_34' title='bbox 853 733 978 786; x_wconf 82' lang='lat' dir='ltr'><strong>exarata</strong></span> <span class='ocrx_word' id='word_1_35' title='bbox 999 733 1083 799; x_wconf 89' lang='lat' dir='ltr'><strong>erat,</strong></span> <span class='ocrx_word' id='word_1_36' title='bbox 1105 744 1200 808; x_wconf 89' lang='lat' dir='ltr'><strong>quem</strong></span> <span class='ocrx_word' id='word_1_37' title='bbox 1218 745 1301 811; x_wconf 89' lang='lat' dir='ltr'><strong>aqua</strong></span> 
     </span>
     <span class='ocr_line' id='line_1_5' title="bbox 114 839 1302 932; baseline 0.001 -24"><span class='ocrx_word' id='word_1_38' title='bbox 114 843 260 924; x_wconf 86' lang='lat' dir='ltr'><strong>abstulit3</strong></span> <span class='ocrx_word' id='word_1_39' title='bbox 297 866 378 930; x_wconf 89' lang='lat' dir='ltr'><strong>quae</strong></span> <span class='ocrx_word' id='word_1_40' title='bbox 401 866 500 932; x_wconf 88' lang='lat' dir='ltr'><strong>quum</strong></span> <span class='ocrx_word' id='word_1_41' title='bbox 524 844 568 907; x_wconf 90' lang='lat' dir='ltr'><strong>ita</strong></span> <span class='ocrx_word' id='word_1_42' title='bbox 594 841 679 920; x_wconf 88' lang='lat' dir='ltr'><strong>sint,</strong></span> <span class='ocrx_word' id='word_1_43' title='bbox 704 840 720 906; x_wconf 91' lang='grc' dir='ltr'>Ι</span> <span class='ocrx_word' id='word_1_44' title='bbox 745 839 830 927; x_wconf 90' lang='lat' dir='ltr'><strong>quod</strong></span> <span class='ocrx_word' id='word_1_45' title='bbox 854 841 987 906; x_wconf 86' lang='lat' dir='ltr'><strong>unicum</strong></span> <span class='ocrx_word' id='word_1_46' title='bbox 1010 841 1133 907; x_wconf 85' lang='lat' dir='ltr'><strong>litterae</strong></span> <span class='ocrx_word' id='word_1_47' title='bbox 1156 841 1188 907; x_wconf 89' lang='grc' dir='ltr'><strong>Μ</strong></span> <span class='ocrx_word' id='word_1_48' title='bbox 1212 843 1302 910; x_wconf 82' lang='lat' dir='ltr'><strong>resti·</strong></span> 
     </span>
     <span class='ocr_line' id='line_1_6' title="bbox 111 960 1301 1054; baseline -0.002 -25"><span class='ocrx_word' id='word_1_49' title='bbox 111 965 204 1054; x_wconf 88' lang='lat' dir='ltr'><strong>gium</strong></span> <span class='ocrx_word' id='word_1_50' title='bbox 234 963 293 1028; x_wconf 87' lang='lat' dir='ltr'><strong>sibi</strong></span> <span class='ocrx_word' id='word_1_51' title='bbox 324 962 428 1052; x_wconf 88' lang='lat' dir='ltr'><strong>legere</strong></span> <span class='ocrx_word' id='word_1_52' title='bbox 460 962 626 1028; x_wconf 82' lang='lat' dir='ltr'><strong>ridebatur</strong></span> <span class='ocrx_word' id='word_1_53' title='bbox 657 960 778 1038; x_wconf 87' lang='lat' dir='ltr'><strong>Maius,</strong></span> <span class='ocrx_word' id='word_1_54' title='bbox 803 984 861 1050; x_wconf 90' lang='lat' dir='ltr'><strong>pro</strong></span> <span class='ocrx_word' id='word_1_55' title='bbox 885 983 948 1025; x_wconf 91' lang='lat' dir='ltr'><strong>una</strong></span> <span class='ocrx_word' id='word_1_56' title='bbox 973 960 1012 1026; x_wconf 89' lang='lat' dir='ltr'><strong>de</strong></span> <span class='ocrx_word' id='word_1_57' title='bbox 1035 961 1144 1027; x_wconf 87' lang='lat' dir='ltr'><strong>multis</strong></span> <span class='ocrx_word' id='word_1_58' title='bbox 1168 963 1301 1028; x_wconf 87' lang='lat' dir='ltr'><strong>maculis</strong></span> 
     </span>
     <span class='ocr_line' id='line_1_7' title="bbox 111 1080 806 1172; baseline -0.004 -22"><span class='ocrx_word' id='word_1_59' title='bbox 111 1085 290 1164; x_wconf 80' lang='lat' dir='ltr'><strong>habeatur,</strong></span> <span class='ocrx_word' id='word_1_60' title='bbox 315 1085 347 1150; x_wconf 91' lang='lat' dir='ltr'><strong>in</strong></span> <span class='ocrx_word' id='word_1_61' title='bbox 371 1084 433 1150; x_wconf 88' lang='lat' dir='ltr'><strong>hoe</strong></span> <span class='ocrx_word' id='word_1_62' title='bbox 456 1084 532 1149; x_wconf 91' lang='lat' dir='ltr'><strong>folio</strong></span> <span class='ocrx_word' id='word_1_63' title='bbox 555 1084 670 1172; x_wconf 88' lang='lat' dir='ltr'><strong>passim</strong></span> <span class='ocrx_word' id='word_1_64' title='bbox 695 1080 806 1147; x_wconf 75' lang='lat' dir='ltr'><strong>obviis.</strong></span> 
     </span>
    </p>
   </div>
   <div class='ocr_carea' id='block_1_3' title="bbox 612 1570 807 1638">
    <p class='ocr_par' dir='ltr' id='par_1_3' title="bbox 612 1570 807 1638">
     <span class='ocr_line' id='line_1_8' title="bbox 612 1570 807 1638; baseline -0.015 0"><span class='ocrx_word' id='word_1_65' title='bbox 612 1571 740 1638; x_wconf 83' lang='lat' dir='ltr'><strong>LIBER</strong></span> <span class='ocrx_word' id='word_1_66' title='bbox 765 1570 807 1636; x_wconf 95' lang='lat' dir='ltr'><strong>ll.</strong></span> 
     </span>
    </p>
   </div>
   <div class='ocr_carea' id='block_1_4' title="bbox 112 1818 1303 2634">
    <p class='ocr_par' dir='ltr' id='par_1_4' title="bbox 112 1818 1303 2155">
     <span class='ocr_line' id='line_1_9' title="bbox 163 1818 1303 1909; baseline 0.001 -21"><span class='ocrx_word' id='word_1_67' title='bbox 163 1819 261 1888; x_wconf 85' lang='lat' dir='ltr'><strong>Tituli</strong></span> <span class='ocrx_word' id='word_1_68' title='bbox 278 1821 406 1887; x_wconf 84' lang='lat' dir='ltr'><strong>alternis</strong></span> <span class='ocrx_word' id='word_1_69' title='bbox 424 1818 528 1885; x_wconf 88' lang='lat' dir='ltr'><strong>rubris</strong></span> <span class='ocrx_word' id='word_1_70' title='bbox 540 1821 701 1909; x_wconf 77' lang='lat' dir='ltr'><strong>nigrisque</strong></span> <span class='ocrx_word' id='word_1_71' title='bbox 713 1821 826 1886; x_wconf 90' lang='lat' dir='ltr'><strong>litteris</strong></span> <span class='ocrx_word' id='word_1_72' title='bbox 838 1822 956 1886; x_wconf 79' lang='lat' dir='ltr'><strong>exarati</strong></span> <span class='ocrx_word' id='word_1_73' title='bbox 967 1823 1027 1887; x_wconf 92' lang='lat' dir='ltr'><strong>hae</strong></span> <span class='ocrx_word' id='word_1_74' title='bbox 1040 1835 1163 1887; x_wconf 87' lang='lat' dir='ltr'><strong>tanturn</strong></span> <span class='ocrx_word' id='word_1_75' title='bbox 1176 1835 1303 1889; x_wconf 87' lang='lat' dir='ltr'><strong>renatae</strong></span> 
     </span>
     <span class='ocr_line' id='line_1_10' title="bbox 113 1938 1303 2033; baseline 0 -24"><span class='ocrx_word' id='word_1_76' title='bbox 113 1956 191 2009; x_wconf 89' lang='lat' dir='ltr'><strong>sunt</strong></span> <span class='ocrx_word' id='word_1_77' title='bbox 223 1943 331 2033; x_wconf 77' lang='lat' dir='ltr'><strong>nigrae</strong></span> <span class='ocrx_word' id='word_1_78' title='bbox 365 1943 399 2006; x_wconf 92' lang='lat' dir='ltr'><strong>in</strong></span> <span class='ocrx_word' id='word_1_79' title='bbox 422 1963 496 2031; x_wconf 89' lang='lat' dir='ltr'><strong>pag.</strong></span> <span class='ocrx_word' id='word_1_80' title='bbox 524 1943 608 2019; x_wconf 88' lang='lat'><strong>156,</strong></span> <span class='ocrx_word' id='word_1_81' title='bbox 634 1963 711 2028; x_wconf 89' lang='lat' dir='ltr'><strong>quas</strong></span> <span class='ocrx_word' id='word_1_82' title='bbox 734 1938 805 2007; x_wconf 81' lang='lat' dir='ltr'><strong>ride</strong></span> <span class='ocrx_word' id='word_1_83' title='bbox 827 1942 861 2006; x_wconf 92' lang='lat' dir='ltr'><strong>in</strong></span> <span class='ocrx_word' id='word_1_84' title='bbox 886 1941 1025 2021; x_wconf 87' lang='lat' dir='ltr'><strong>Tabula,</strong></span> <span class='ocrx_word' id='word_1_85' title='bbox 1051 1966 1132 2033; x_wconf 88' lang='lat' dir='ltr'><strong>quae</strong></span> <span class='ocrx_word' id='word_1_86' title='bbox 1156 1941 1303 2009; x_wconf 91' lang='lat' dir='ltr'><strong>editioni·</strong></span> 
     </span>
     <span class='ocr_line' id='line_1_11' title="bbox 112 2060 1029 2155; baseline -0.004 -25"><span class='ocrx_word' id='word_1_87' title='bbox 112 2064 175 2130; x_wconf 91' lang='lat' dir='ltr'><strong>bus</strong></span> <span class='ocrx_word' id='word_1_88' title='bbox 199 2065 293 2155; x_wconf 84' lang='lat' dir='ltr'><strong>vulgo</strong></span> <span class='ocrx_word' id='word_1_89' title='bbox 317 2061 501 2150; x_wconf 89' lang='lat' dir='ltr'><strong>adiungitur</strong></span> <span class='ocrx_word' id='word_1_90' title='bbox 524 2060 697 2149; x_wconf 85' lang='lat' dir='ltr'><strong>scripturae</strong></span> <span class='ocrx_word' id='word_1_91' title='bbox 721 2062 899 2152; x_wconf 82' lang='lat' dir='ltr'><strong>speciminis</strong></span> <span class='ocrx_word' id='word_1_92' title='bbox 924 2085 1029 2128; x_wconf 85' lang='lat' dir='ltr'><strong>eausa:</strong></span> 
     </span>
    </p>

    <p class='ocr_par' dir='ltr' id='par_1_5' title="bbox 116 2201 1017 2634">
     <span class='ocr_line' id='line_1_12' title="bbox 562 2201 855 2249; baseline 0.003 -1"><span class='ocrx_word' id='word_1_93' title='bbox 562 2203 605 2248; x_wconf 80' lang='lat' dir='ltr'><strong>nu</strong></span> <span class='ocrx_word' id='word_1_94' title='bbox 630 2201 684 2247; x_wconf 79' lang='lat' dir='ltr'><strong>aa.</strong></span> <span class='ocrx_word' id='word_1_95' title='bbox 711 2201 855 2249; x_wconf 76' lang='lat' dir='ltr'><strong>Pvrtuca</strong></span> 
     </span>
     <span class='ocr_line' id='line_1_13' title="bbox 604 2321 819 2368; baseline 0 0"><span class='ocrx_word' id='word_1_96' title='bbox 604 2321 672 2368; x_wconf 78' lang='lat' dir='ltr'><strong>luc.</strong></span> <span class='ocrx_word' id='word_1_97' title='bbox 700 2322 766 2368; x_wconf 74' lang='lat' dir='ltr'><strong>ara.</strong></span> <span class='ocrx_word' id='word_1_98' title='bbox 793 2322 819 2368; x_wconf 92' lang='lat'><strong>11</strong></span> 
     </span>
     <span class='ocr_line' id='line_1_14' title="bbox 637 2442 805 2489; baseline 0.006 -1"><span class='ocrx_word' id='word_1_99' title='bbox 637 2442 805 2489; x_wconf 77' lang='lat' dir='ltr'><strong>u11a.</strong></span> 
     </span>
     <span class='ocr_line' id='line_1_15' title="bbox 116 2543 1017 2634; baseline -0.008 -18"><span class='ocrx_word' id='word_1_100' title='bbox 116 2549 152 2617; x_wconf 87' lang='lat' dir='ltr'><strong>id</strong></span> <span class='ocrx_word' id='word_1_101' title='bbox 177 2561 242 2614; x_wconf 87' lang='lat' dir='ltr'><strong>est:</strong></span> <span class='ocrx_word' id='word_1_102' title='bbox 262 2547 447 2634; x_wconf 79' lang='lat' dir='ltr'><strong>feliciter,</strong></span> <span class='ocrx_word' id='word_1_103' title='bbox 473 2559 508 2612; x_wconf 90' lang='lat' dir='ltr'><strong>ut</strong></span> <span class='ocrx_word' id='word_1_104' title='bbox 531 2543 703 2612; x_wconf 86' lang='lat' dir='ltr'><strong>rectissime</strong></span> <span class='ocrx_word' id='word_1_105' title='bbox 727 2543 829 2609; x_wconf 88' lang='lat' dir='ltr'><strong>Maius</strong></span> <span class='ocrx_word' id='word_1_106' title='bbox 853 2543 1017 2633; x_wconf 85' lang='lat' dir='ltr'><strong>supplerit.</strong></span> 
     </span>
    </p>
   </div>
   <div class='ocr_carea' id='block_1_5' title="bbox 632 2730 794 2823">
    <p class='ocr_par' dir='ltr' id='par_1_6' title="bbox 632 2730 794 2823">
     <span class='ocr_line' id='line_1_16' title="bbox 632 2730 794 2823; baseline -0.012 -24"><span class='ocrx_word' id='word_1_107' title='bbox 632 2730 746 2823; x_wconf 77' lang='lat' dir='ltr'><strong>Caput</strong></span> <span class='ocrx_word' id='word_1_108' title='bbox 770 2734 794 2798; x_wconf 91' lang='lat' dir='ltr'><strong>l.</strong></span> 
     </span>
    </p>
   </div>
   <div class='ocr_carea' id='block_1_6' title="bbox 116 2922 1144 3082">
    <p class='ocr_par' dir='ltr' id='par_1_7' title="bbox 116 2922 1144 3082">
     <span class='ocr_line' id='line_1_17' title="bbox 116 2922 1144 3040; baseline -0.007 -45"><span class='ocrx_word' id='word_1_109' title='bbox 116 2933 137 3014; x_wconf 88' lang='lat'>§</span> <span class='ocrx_word' id='word_1_110' title='bbox 164 2932 193 2993; x_wconf 89' lang='lat'><strong>1.</strong></span> <span class='ocrx_word' id='word_1_111' title='bbox 230 2926 425 3040; x_wconf 38' lang='lat' dir='ltr'><strong>eupiditate</strong></span> <span class='ocrx_word' id='word_1_112' title='bbox 590 2922 691 3013; x_wconf 90' lang='lat' dir='ltr'><strong>Lege:</strong></span> <span class='ocrx_word' id='word_1_113' title='bbox 719 2922 918 3013; x_wconf 74' lang='lat' dir='ltr'><strong>eupidiltate</strong></span> <span class='ocrx_word' id='word_1_114' title='bbox 1008 2948 1040 3012; x_wconf 92' lang='lat' dir='ltr'><strong>p.</strong></span> <span class='ocrx_word' id='word_1_115' title='bbox 1068 2927 1144 2988; x_wconf 84' lang='lat'><strong>275.</strong></span> 
     </span>
     <span class='ocr_line' id='line_1_18' title="bbox 594 3050 607 3082; baseline 0 -1"><span class='ocrx_word' id='word_1_116' title='bbox 594 3050 607 3082; x_wconf 74' lang='grc' dir='ltr'><strong>ι»</strong></span> 
     </span>
    </p>
   </div>
   <div class='ocr_carea' id='block_1_7' title="bbox 227 3098 1020 3709">
    <p class='ocr_par' dir='ltr' id='par_1_8' title="bbox 227 3098 1020 3655">
     <span class='ocr_line' id='line_1_19' title="bbox 227 3098 885 3190; baseline -0.009 -26"><span class='ocrx_word' id='word_1_117' title='bbox 227 3101 324 3190; x_wconf 87' lang='lat' dir='ltr'><strong>patris</strong></span> <span class='ocrx_word' id='word_1_118' title='bbox 591 3116 710 3163; x_wconf 77' lang='lat' dir='ltr'><strong>narnis</strong></span> <span class='ocrx_word' id='word_1_119' title='bbox 806 3098 838 3164; x_wconf 87' lang='lat' dir='ltr'><strong>d.</strong></span> <span class='ocrx_word' id='word_1_120' title='bbox 864 3119 885 3158; x_wconf 73' lang='lat' dir='ltr'><strong>a</strong></span> 
     </span>
     <span class='ocr_line' id='line_1_20' title="bbox 229 3216 1020 3287; baseline -0.011 -1"><span class='ocrx_word' id='word_1_121' title='bbox 229 3219 439 3286; x_wconf 87' lang='lat' dir='ltr'><strong>adolescentia</strong></span> <span class='ocrx_word' id='word_1_122' title='bbox 590 3216 856 3287; x_wconf 73' lang='lat' dir='ltr'><strong>aturescernan</strong></span> <span class='ocrx_word' id='word_1_123' title='bbox 944 3217 973 3281; x_wconf 83' lang='lat' dir='ltr'><strong>d.</strong></span> <span class='ocrx_word' id='word_1_124' title='bbox 1001 3240 1020 3277; x_wconf 76' lang='lat' dir='ltr'><strong>n</strong></span> 
     </span>
     <span class='ocr_line' id='line_1_21' title="bbox 228 3356 747 3429; baseline -0.015 -22"><span class='ocrx_word' id='word_1_125' title='bbox 228 3364 393 3429; x_wconf 89' lang='lat' dir='ltr'><strong>nunquam</strong></span> <span class='ocrx_word' id='word_1_126' title='bbox 590 3356 747 3427; x_wconf 75' lang='lat' dir='ltr'><strong>nunquan</strong></span> 
     </span>
     <span class='ocr_line' id='line_1_22' title="bbox 228 3460 727 3552; baseline -0.008 -24"><span class='ocrx_word' id='word_1_127' title='bbox 228 3464 324 3529; x_wconf 88' lang='lat' dir='ltr'><strong>etiarn</strong></span> <span class='ocrx_word' id='word_1_128' title='bbox 344 3460 351 3552; x_wconf 71' lang='grc' dir='ltr'>Ι</span> <span class='ocrx_word' id='word_1_129' title='bbox 370 3460 543 3526; x_wconf 89' lang='lat' dir='ltr'><strong>diutissime</strong></span> <span class='ocrx_word' id='word_1_130' title='bbox 590 3483 622 3547; x_wconf 91' lang='lat' dir='ltr'><strong>p.</strong></span> <span class='ocrx_word' id='word_1_131' title='bbox 650 3462 727 3524; x_wconf 83' lang='lat'><strong>276.</strong></span> 
     </span>
     <span class='ocr_line' id='line_1_23' title="bbox 229 3574 834 3655; baseline -0.007 -7"><span class='ocrx_word' id='word_1_132' title='bbox 229 3582 370 3650; x_wconf 84' lang='lat' dir='ltr'><strong>discendi</strong></span> <span class='ocrx_word' id='word_1_133' title='bbox 590 3574 720 3653; x_wconf 65' lang='lat' dir='ltr'><strong>iacerlr</strong></span> <span class='ocrx_word' id='word_1_134' title='bbox 831 3649 834 3655; x_wconf 63' lang='grc'>,</span> 
     </span>
    </p>

    <p class='ocr_par' dir='ltr' id='par_1_9' title="bbox 741 3682 748 3709">
     <span class='ocr_line' id='line_1_24' title="bbox 741 3682 748 3709; baseline 0 0"><span class='ocrx_word' id='word_1_135' title='bbox 741 3682 748 3709; x_wconf 77' lang='grc' dir='ltr'>ι</span> 
     </span>
    </p>
   </div>
   <div class='ocr_carea' id='block_1_8' title="bbox 230 3729 752 3794">
    <p class='ocr_par' dir='ltr' id='par_1_10' title="bbox 230 3729 752 3794">
     <span class='ocr_line' id='line_1_25' title="bbox 230 3729 752 3794; baseline -0.008 0"><span class='ocrx_word' id='word_1_136' title='bbox 230 3729 364 3794; x_wconf 89' lang='lat' dir='ltr'><strong>orationi</strong></span> <span class='ocrx_word' id='word_1_137' title='bbox 590 3743 752 3792; x_wconf 79' lang='lat' dir='ltr'><strong>onartorte</strong></span> 
     </span>
    </p>
   </div>
   <div class='ocr_carea' id='block_1_9' title="bbox 229 3851 783 3993">
    <p class='ocr_par' dir='ltr' id='par_1_11' title="bbox 229 3851 783 3993">
     <span class='ocr_line' id='line_1_26' title="bbox 760 3851 775 3884; baseline 0 0"><span class='ocrx_word' id='word_1_138' title='bbox 760 3851 775 3884; x_wconf 70' lang='lat' dir='ltr'><strong>ll</strong></span> 
     </span>
     <span class='ocr_line' id='line_1_27' title="bbox 229 3890 783 3993; baseline -0.009 -23"><span class='ocrx_word' id='word_1_139' title='bbox 229 3926 404 3993; x_wconf 81' lang='lat' dir='ltr'><strong>congruens</strong></span> <span class='ocrx_word' id='word_1_140' title='bbox 592 3890 783 3968; x_wconf 76' lang='lat' dir='ltr'><strong>cereaaues</strong></span> 
     </span>
    </p>
   </div>
   <div class='ocr_carea' id='block_1_10' title="bbox 112 4079 739 4169">
    <p class='ocr_par' dir='ltr' id='par_1_12' title="bbox 112 4079 739 4169">
     <span class='ocr_line' id='line_1_28' title="bbox 112 4079 739 4169; baseline -0.01 -24"><span class='ocrx_word' id='word_1_141' title='bbox 112 4088 132 4169; x_wconf 69' lang='grc'>5</span> <span class='ocrx_word' id='word_1_142' title='bbox 157 4083 189 4147; x_wconf 87' lang='lat'><strong>2.</strong></span> <span class='ocrx_word' id='word_1_143' title='bbox 227 4079 342 4169; x_wconf 79' lang='lat' dir='ltr'><strong>singuli</strong></span> <span class='ocrx_word' id='word_1_144' title='bbox 590 4095 739 4145; x_wconf 77' lang='lat' dir='ltr'><strong>strenus</strong></span> 
     </span>
    </p>
   </div>
   <div class='ocr_carea' id='block_1_11' title="bbox 227 4206 1305 4703">
    <p class='ocr_par' dir='ltr' id='par_1_13' title="bbox 227 4206 1305 4703">
     <span class='ocr_line' id='line_1_29' title="bbox 228 4206 1305 4343; baseline 0 -26"><span class='ocrx_word' id='word_1_145' title='bbox 228 4253 283 4343; x_wconf 87' lang='lat' dir='ltr'><strong>qui</strong></span> <span class='ocrx_word' id='word_1_146' title='bbox 306 4274 395 4317; x_wconf 89' lang='lat' dir='ltr'><strong>suam</strong></span> <span class='ocrx_word' id='word_1_147' title='bbox 590 4206 758 4339; x_wconf 52' lang='lat' dir='ltr'><strong>qului’sua&#39;¹</strong></span> <span class='ocrx_word' id='word_1_148' title='bbox 834 4250 945 4315; x_wconf 89' lang='lat' dir='ltr'><strong>litteris</strong></span> <span class='ocrx_word' id='word_1_149' title='bbox 982 4210 1027 4315; x_wconf 76' lang='lat' dir='ltr'><strong>ltu</strong></span> <span class='ocrx_word' id='word_1_150' title='bbox 1062 4251 1106 4316; x_wconf 88' lang='lat' dir='ltr'><strong>ita</strong></span> <span class='ocrx_word' id='word_1_151' title='bbox 1141 4250 1235 4318; x_wconf 87' lang='lat' dir='ltr'><strong>erasis</strong></span> <span class='ocrx_word' id='word_1_152' title='bbox 1270 4265 1305 4317; x_wconf 91' lang='lat' dir='ltr'><strong>ut</strong></span> 
     </span>
     <span class='ocr_line' id='line_1_30' title="bbox 634 4385 825 4437; baseline -0.005 0"><span class='ocrx_word' id='word_1_153' title='bbox 634 4385 766 4437; x_wconf 80' lang='lat' dir='ltr'><strong>restatl</strong></span> <span class='ocrx_word' id='word_1_154' title='bbox 821 4414 825 4419; x_wconf 89' lang='lat'><em>-</em></span> 
     </span>
     <span class='ocr_line' id='line_1_31' title="bbox 227 4490 1280 4586; baseline 0 -28"><span class='ocrx_word' id='word_1_155' title='bbox 227 4493 350 4583; x_wconf 87' lang='lat' dir='ltr'><strong>legibus</strong></span> <span class='ocrx_word' id='word_1_156' title='bbox 374 4506 469 4584; x_wconf 89' lang='lat' dir='ltr'><strong>atque</strong></span> <span class='ocrx_word' id='word_1_157' title='bbox 493 4494 543 4559; x_wconf 91' lang='lat' dir='ltr'><strong>in·</strong></span> <span class='ocrx_word' id='word_1_158' title='bbox 590 4490 738 4582; x_wconf 81' lang='lat' dir='ltr'><strong>Repetite</strong></span> <span class='ocrx_word' id='word_1_159' title='bbox 761 4493 911 4582; x_wconf 87' lang='lat' dir='ltr'><strong>leguntur</strong></span> <span class='ocrx_word' id='word_1_160' title='bbox 934 4492 1024 4560; x_wconf 90' lang='lat' dir='ltr'><strong>initio</strong></span> <span class='ocrx_word' id='word_1_161' title='bbox 1047 4495 1180 4586; x_wconf 88' lang='lat' dir='ltr'><strong>paginae</strong></span> <span class='ocrx_word' id='word_1_162' title='bbox 1205 4498 1280 4560; x_wconf 87' lang='lat'><strong>277.</strong></span> 
     </span>
     <span class='ocr_line' id='line_1_32' title="bbox 272 4612 413 4703; baseline 0.014 -25"><span class='ocrx_word' id='word_1_163' title='bbox 272 4612 413 4703; x_wconf 70' lang='lat' dir='ltr'><strong>nitatis!</strong></span> 
     </span>
    </p>
   </div>
   <div class='ocr_carea' id='block_1_12' title="bbox 0 0 1455 5144">
    <p class='ocr_par' dir='ltr' id='par_1_14' title="bbox 0 0 1455 5144">
     <span class='ocr_line' id='line_1_33' title="bbox 0 0 1455 5144; baseline 0 0"><span class='ocrx_word' id='word_1_164' title='bbox 0 0 1455 5144; x_wconf 95' lang='lat' dir='ltr'><strong> </strong></span> 
     </span>
    </p>
   </div>
  </div>
 </body>
</html>
