2888 5144
168 325 211 386 48
543 335 661 386 cremo
686 336 729 385 or
753 335 796 385 rr
819 336 973 388 1611161.

166 509 250 574 duni
273 509 327 595 pt.
358 511 574 598 magistratu
607 530 644 571 se
674 508 899 587 abdicarent,
922 517 1030 597 etque
1051 518 1091 573 nt
1113 513 1226 576 tciri
1253 533 1358 577 crea·

165 638 300 695 rentur.
349 627 401 696 Sic
433 629 534 696 Maius
564 627 682 706 edidit,
717 651 825 695 rerum
855 627 953 695 codex
975 628 1093 696 babet:
1122 650 1241 720 srqur,
1265 631 1358 722 quod

165 748 221 815 ille
243 749 366 838 occepit
388 771 464 838 pro:
492 767 623 837 rrqmr.

209 988 358 1057 XXXIX.
394 991 412 1074 §
448 991 501 1054 66.
564 988 666 1076 Quod
698 991 854 1076 exemplo
889 999 1033 1075 nostrae
1068 995 1230 1057 civitatis
1263 1013 1356 1059 uena

163 1134 239 1175 sem
252 1158 272 1189 ,-
286 1133 354 1175 non
377 1110 428 1174 ed
449 1109 682 1197 deiciendum
711 1113 876 1197 optimum
902 1120 1034 1176 statum
1058 1114 1197 1191 vetnit,
1224 1111 1290 1177 sed
1311 1122 1357 1179 ut

162 1234 308 1296 civitate
335 1233 488 1295 maxime
517 1251 644 1317 reapse
673 1239 897 1309 cerneretur,
928 1234 1033 1319 quale
1057 1241 1148 1297 esset
1173 1228 1228 1311 td,
1257 1229 1360 1321 quod

161 1326 258 1416 ectio
282 1353 462 1438 oratioque
484 1345 709 1417 describeret.
758 1350 950 1441 Praepositio
980 1376 1004 1416 a
1028 1351 1212 1419 secundum.
1227 1352 1354 1420 Malum

160 1494 229 1538 roc.
263 1474 409 1537 ciuitate
432 1469 652 1560 superaddita,
677 1493 743 1535 non
770 1483 896 1561 recepta
918 1485 966 1538 est
992 1472 1032 1538 ab
1051 1471 1245 1551 editoribus,
1269 1495 1353 1562 quos

159 1591 249 1671 ride,
274 1590 445 1657 dummodo
458 1612 537 1681 opus
548 1604 596 1656 est
608 1589 732 1669 adhuc,
753 1613 828 1656 nam
840 1591 893 1658 hic
905 1615 1033 1682 quoque
1046 1593 1231 1660 comestoris
1241 1606 1352 1683 partes

158 1713 330 1803 suscipiens
352 1711 591 1801 praepositionis
615 1711 718 1776 volam
741 1734 801 1778 nec
826 1713 991 1802 vestigium
1004 1736 1164 1803 superesse
1176 1713 1349 1803 perhibeo.

204 1954 270 2019 XL.
295 1954 313 2036 §
340 1955 393 2017 67.
443 1948 517 2016 Sed
539 1958 654 2015 tamen
678 1960 733 2016 est
756 1952 819 2016 ille
838 1953 1020 2039 prudens,
1046 1959 1108 2042 qni
1129 1958 1285 2020 tesmenti
1313 1965 1352 2023 ct

157 2084 280 2140 castae
303 2071 464 2138 insidens
484 2071 622 2150 belnae,
648 2080 783 2137 coercet
802 2082 837 2136 et
858 2078 952 2163 regit
970 2074 1101 2139 beluam
1112 2097 1125 2154 ,·
1145 2097 1350 2164 quoeunque

157 2198 233 2261 cult
267 2196 338 2259 levi
359 2192 540 2257 admomtc
566 2214 633 2255 non
656 2200 758 2270 cctn,
783 2193 934 2282 inficetit
952 2196 1052 2261 illam
1065 2196 1197 2283 fecem.
1235 2194 1351 2262 Offen-

156 2315 204 2382 dit
233 2314 403 2406 repetitum
433 2310 624 2378 vocabulum
658 2312 812 2392 beluam,
837 2313 1001 2404 probabile
1024 2328 1070 2383 est
1093 2313 1264 2382 admodum
1287 2315 1349 2383 de·

156 2436 244 2505 leudi
273 2434 390 2502 indicia
422 2432 620 2522 adscripsisse
644 2445 874 2514 correctorem,
899 2435 953 2501 sed
977 2436 1131 2502 leviorum
1154 2435 1349 2505 lineolarum

156 2558 282 2625 nullum
304 2568 408 2648 potest
429 2554 517 2621 cerni
539 2554 705 2643 vestigium
726 2555 760 2620 in
779 2556 895 2645 pagina
915 2556 1002 2622 lectu
1020 2556 1221 2637 difficillima3
1244 2557 1347 2624 altera

156 2680 304 2747 columna
333 2674 504 2743 admodum
527 2672 659 2740 evanida
682 2687 747 2753 est,
773 2675 873 2742 latent
892 2677 1024 2743 fortasse
1047 2678 1180 2744 meliore
1202 2677 1278 2744 inde
1298 2660 1346 2745 ab

157 2804 313 2866 exomni
337 2804 462 2862 senatu
485 2818 585 2884 usque
609 2794 647 2858 ad
672 2794 851 2860 admonitu
873 2821 939 2862 non
963 2823 1015 2863 ec.

203 3041 304 3109 XLII.
339 3040 357 3122 §
386 3039 440 3102 69.
488 3034 535 3099 In
566 3035 628 3100 troc
644 3037 728 3124 jere
752 3060 818 3101 nno
842 3048 924 3103 sunt
947 3047 1080 3118 cetere,
1106 3047 1145 3103 ut
1168 3060 1343 3128 nnrrqncm

155 3166 180 3229 'a
211 3186 258 3228 se*
277 3165 354 3250 ipso
385 3155 602 3223 instituendo
631 3157 957 3246 contemplandoque
981 3158 1153 3224 discedet.
1201 3158 1343 3226 «Codex

157 3282 368 3350 discendant
401 3279 467 3344 siue
499 3276 584 3356 ulla,
616 3288 652 3343 ut
682 3276 826 3357 ridetur,
851 3277 1110 3344 emendatione.»
1149 3278 1262 3360 Maius3
1288 3279 1343 3347 hic

156 3426 283 3496 quoque
313 3401 415 3467 editor
445 3397 601 3464 secundae
632 3420 744 3464 manus
777 3399 870 3466 laude
899 3423 931 3466 se
962 3401 1028 3490 ipse
1058 3423 1171 3467 ornere
1200 3399 1340 3481 studuit,

154 3551 230 3595 nam
265 3534 424 3590 corrector
457 3518 578 3608 duplici
612 3519 686 3585 vitio
721 3519 909 3586 liberaverat
939 3520 1000 3586 hoo
1031 3520 1186 3600 verbum,
1223 3522 1341 3589 lineola

155 3646 289 3715 delendo
319 3643 455 3735 priorem
488 3663 511 3705 n
541 3651 573 3707 et
602 3654 721 3728 puncto
752 3642 1016 3730 monogrammati
1046 3650 1085 3705 nt
1107 3641 1151 3706 ita
1175 3641 1341 3724 addendo,

155 3782 191 3836 ut
213 3765 340 3835 nonnisi
363 3786 386 3828 n
409 3772 615 3851 expungatur.

201 4009 283 4075 lbid.
336 4006 384 4074 Ut
413 4007 563 4069 enimin
580 4001 719 4091 fidibus
742 4013 806 4068 aut
830 4005 949 4083 tibiis,
974 4013 1080 4093 etque
1106 4014 1145 4070 ut
1174 4009 1211 4070 in
1235 4014 1342 4071 centu

156 4136 235 4222 ipse
257 4153 300 4195 ec
319 4129 456 4194 vocibus
479 4132 662 4194 concentus
686 4124 893 4212 estquidam
915 4125 1096 4192 tenendos.
1122 4123 1340 4214 Augustinus,

157 4251 213 4340 qui
243 4247 378 4314 eundem
409 4246 497 4311 hunc
528 4244 634 4311 locum
667 4245 817 4325 servarit,
849 4245 954 4311 omisit
986 4245 1122 4311 alterum
1145 4254 1199 4324 nt;
1224 4246 1343 4335 legitur

157 4369 286 4461 quidem
305 4369 338 4433 in
358 4367 579 4457 palimpsesto,
604 4364 657 4432 sed
674 4366 767 4433 facile
780 4365 937 4446 adducor,
963 4379 998 4432 ut
1015 4368 1159 4433 omittam
1179 4367 1257 4433 duos
1270 4369 1342 4434 illas

156 4493 294 4568 litteras,
315 4511 390 4554 nam
412 4489 579 4554 atramenti
600 4488 734 4576 vestigiis
756 4489 790 4553 in
809 4488 870 4554 beo
882 4488 997 4577 pagina
1009 4510 1108 4576 quum
1121 4488 1184 4552 iam
1196 4487 1282 4554 idem
1294 4503 1341 4556 est

157 4612 243 4679 color
267 4634 303 4675 ac
322 4608 545 4686 membranae,
563 4606 689 4673 delendi
709 4608 826 4677 indicia
845 4608 1009 4677 subtiliore
1022 4610 1108 4675 cerni
1121 4632 1185 4676 non
1197 4624 1336 4701 possunt.
