2888 5144
588 327 850 374 rurrosrrours.
1251 312 1314 374 183

127 523 197 566 men
228 497 318 563 ralde
350 499 448 564 miror
477 496 661 586 Kempfium
685 497 901 586 subscripsisse
925 495 1110 562 Drumanno
1131 495 1200 574 Ill,
1228 500 1313 563 195:

99 598 198 687 'ude
231 609 408 685 voluntaria
439 617 473 684 G.
510 619 627 684 Licinii
657 631 758 683 morte
789 617 967 696 dubitanti,
993 639 1066 682 curn
1090 629 1121 682 et
1144 616 1252 683 Cicero
1276 616 1316 682 ad

127 741 189 806 htt.
220 740 256 820 Ι,
283 745 303 805 4
330 739 354 828 S
382 743 401 804 2
426 751 457 805 et
481 738 669 804 Plutarchus
686 746 773 829 post
796 737 1033 804 damnationem
1057 760 1130 828 eum
1153 751 1315 803 mortuum

126 886 190 929 esso
214 860 440 926 tradiderint.»
482 857 523 925 dt
554 858 673 924 nodum
696 859 730 923 in
754 859 855 947 scirpo
880 870 1059 948 quaerunt,
1083 881 1157 924 nam
1180 882 1317 948 poenam

125 994 226 1048 morte
259 981 336 1046 dum
363 979 587 1070 praecurrebat
619 981 745 1057 Macer,
771 981 945 1045 sententiae
968 978 1204 1057 diribebantur,
1228 981 1318 1068 atqui

126 1102 337 1168 damnabatur
360 1102 503 1165 omniurn
526 1100 681 1189 suffragiis
704 1101 771 1188 ipso
795 1100 904 1164 mortis
927 1111 1109 1179 momento,
1134 1098 1188 1166 sed
1210 1099 1317 1165 Cicero

126 1223 259 1289 deeius
293 1222 495 1287 damnatione
527 1221 608 1286 nihil
636 1221 872 1310 pronuntiarit,
907 1243 948 1285 ne
982 1220 1066 1284 bona
1102 1220 1186 1286 illius
1210 1220 1318 1287 hastae

127 1344 375 1421 subiicerentur,
403 1343 487 1408 facto
512 1354 618 1406 autem
641 1340 868 1406 damnaverant
891 1363 965 1406 euru
984 1339 1121 1419 iudices,
1149 1352 1181 1406 et
1195 1341 1316 1407 Tullius

127 1465 244 1554 optime
279 1462 415 1545 scribere
453 1463 558 1552 potuit
589 1461 768 1526 «damnato
792 1461 944 1539 llacro,»
975 1461 1097 1527 etiamsi
1123 1460 1320 1527 damnationi

129 1585 250 1652 deesset
272 1584 489 1673 pronuntiatio
512 1583 675 1671 praetoris.

172 1705 275 1772 Maius
298 1703 384 1770 dedit
407 1704 469 1769 hoc
493 1703 564 1768 eod.
589 1701 664 1792 Gap.
691 1701 714 1791 S
740 1707 796 1767 14:
824 1701 933 1769 «Milo
953 1701 1146 1767 Crotoniates
1164 1725 1318 1790 quercum

132 1828 240 1893 cuneis
276 1823 420 1890 adactam
455 1823 602 1891 divellere
638 1834 786 1901 conatus,
821 1823 955 1888 excussit
986 1845 1114 1889 cuneos.
1151 1823 1319 1888 Manibus

133 1949 316 2038 oppressis
346 1968 364 2008 a
394 1945 468 2010 feris
499 1944 653 2010 laceratus
678 1955 766 2021 est,»
790 1941 867 2007 dum
891 1941 987 2007 coder
1010 1942 1140 2030 praebet
1164 1944 1247 2010 hanc
1270 1946 1320 2015 in·

131 2067 385 2157 terpunctionem
421 2065 586 2130 «excussit
620 2086 736 2130 cuneos
766 2063 945 2141 manibus,
979 2085 1168 2152 oppressus
1199 2087 1216 2128 a
1247 2065 1320 2131 feris

135 2188 291 2254 laceratus
325 2198 409 2251 est.»
450 2184 512 2251 Sed
535 2183 622 2249 haud
644 2185 709 2250 scio
733 2206 774 2248 an
796 2183 876 2248 haec
899 2183 992 2248 lectio
1016 2185 1216 2272 epitomatori
1238 2199 1322 2252 recte

134 2307 352 2385 abiudicetur,
389 2305 415 2370 si
447 2305 534 2369 enim
568 2304 607 2368 ad
631 2304 749 2369 Valerii
773 2303 952 2368 uberiorem
976 2305 1163 2393 scripturam
1187 2306 1251 2384 IX,
1280 2310 1320 2370 12

134 2431 203 2496 brt.
226 2427 250 2516 S
266 2431 286 2493 9
307 2424 452 2492 Paridem
473 2425 627 2513 refingere
646 2424 740 2502 licet,
763 2423 874 2512 quidni
893 2446 1081 2513 reponamus
1100 2429 1319 2515 conpressis,

135 2549 218 2639 quod
247 2549 336 2614 loeus
367 2547 520 2635 requirit,
554 2558 589 2610 ut
621 2545 742 2612 Gellius
772 2544 811 2611 de
835 2544 944 2611 eadem
969 2547 1148 2635 rescripsit
1173 2546 1251 2616 XV.
1279 2549 1320 2610 16

136 2669 311 2736 «manibus
335 2669 464 2735 retentis
488 2667 717 2755 inclusisque.»

635 2895 784 2904 ——--.

180 3032 226 3098 Ex
257 3031 319 3095 hac
349 3030 432 3096 laeta
452 3023 713 3096 emendationum
734 3042 838 3118 segete
860 3029 933 3094 luce
957 3029 1070 3094 clarius
1095 3029 1260 3117 apparuit,
1286 3029 1321 3092 ni

137 3153 247 3231 fallor,
277 3151 364 3216 haud
394 3175 509 3216 renum
532 3174 639 3216 meum
662 3150 757 3215 fuisse
779 3151 936 3225 laborem,
959 3149 1101 3216 codicem
1124 3162 1189 3215 tam
1214 3150 1324 3215 erimi-

137 3296 190 3338 um
214 3286 247 3339 et
269 3271 472 3338 emendatum
496 3271 600 3337 denuo
624 3272 657 3335 in
680 3294 810 3336 eramen
834 3272 985 3336 vocantis.
1035 3272 1103 3337 Irno
1139 3271 1223 3336 illius
1256 3271 1323 3336 lec·

138 3395 231 3460 tionis
261 3393 411 3457 varietate
446 3392 524 3457 adeo
559 3404 725 3458 contentus
759 3392 823 3470 fui,
865 3403 900 3456 ut
934 3391 1074 3457 eiusdem
1105 3391 1225 3457 Paridis
1249 3392 1324 3457 alte·

139 3538 209 3580 rum
246 3514 386 3580 codicem
422 3514 455 3577 in
483 3512 561 3578 bibl.
594 3512 695 3578 Vatic.
730 3512 786 3578 N⁰.
821 3516 907 3577 3337
943 3511 1023 3576 mihi
1053 3510 1232 3600 praebitum
1260 3534 1324 3578 uon

139 3636 267 3702 libuerit
290 3627 445 3710 conferre3
470 3646 516 3698 est
533 3634 618 3698 enim
638 3635 696 3698 iste
714 3633 796 3699 liber
808 3634 961 3722 scriptura
974 3633 1253 3721 longe-recentiore
1264 3654 1324 3696 nec

140 3780 211 3823 vero
242 3754 456 3821 emendatiore
483 3754 602 3819 saeculi
631 3753 754 3823 decimi¹
778 3754 901 3843 quinti,
934 3754 1192 3819 membranaceus
1213 3754 1246 3817 in
1270 3775 1324 3818 oc·

140 3889 230 3955 taro,
264 3888 301 3941 ut
326 3874 462 3940 initiales
486 3898 563 3939 auro
587 3874 807 3964 coloribusque
831 3875 1045 3940 ornatissimae
1069 3873 1202 3951 docent,
1227 3897 1325 3939 manu

140 3997 367 4087 negligentiore
386 3997 420 4060 in
439 3995 506 4062 eius
523 3995 734 4061 bibliothecae
751 4019 843 4060 usum
856 3996 1071 4084 conscriptus,
1093 3995 1182 4059 cuius
1194 4006 1326 4061 stemma

140 4118 303 4206 triangulis
327 4117 431 4182 rubris
455 4117 620 4206 aureisque
641 4129 785 4182 constans
806 4116 929 4181 etiamsi
946 4127 1054 4205 postea
1076 4114 1244 4180 evanidam
1259 4117 1326 4183 fac-

140 4251 208 4304 tum
237 4238 271 4302 in
303 4238 396 4302 titulo
420 4249 560 4326 apparet.
609 4236 644 4303 Si
665 4239 730 4302 iam
754 4238 837 4303 Maio
868 4237 1010 4302 libuisset
1039 4235 1123 4301 adire
1155 4236 1326 4305 Vaticanae

140 4358 351 4425 bibliothecae
387 4358 548 4436 lndicem,
586 4357 625 4421 ad
666 4380 761 4446 quern
790 4357 880 4422 nobis
910 4358 1107 4436 Barbaris,
1141 4371 1177 4424 ut
1208 4360 1242 4424 in
1272 4359 1327 4424 illo

144 4479 291 4566 (ridicula
323 4480 461 4568 quadam
490 4479 638 4544 iactantia
650 4527 659 4556 ,
684 4478 835 4542 Romanis
859 4478 995 4566 antiquis
1021 4490 1169 4567 quaeest
1199 4477 1328 4566 indigna

134 4601 276 4679 sanitas,
310 4598 469 4668 hodiernis
500 4623 571 4667 vero
595 4598 753 4687 indignior
776 4597 1005 4688 impudentia),
1030 4600 1128 4665 erteri
1154 4599 1327 4686 elegantius
