2888 5144
151 324 192 383 22
534 338 648 386 crcrno
674 338 715 385 or
740 338 781 383 nr
806 336 958 384 roseros.

152 507 312 587 codicem,
343 508 480 598 denique
512 509 606 598 vulgo
639 519 769 596 apparet
792 507 926 572 imitatio
951 530 987 572 ex
1011 529 1075 573 uno
1101 508 1237 574 alterove
1261 507 1343 575 indi·

152 602 220 709 cio,
253 630 286 694 iu
318 628 427 694 charta
459 653 488 695 r.
523 652 551 694 c.
585 650 745 719 purpurea
776 628 900 695 litterae
928 640 1057 694 auratae
1080 629 1130 696 vel
1154 642 1343 719 argenteae,

152 749 399 815 maiuscularum
422 752 455 816 in
480 749 579 816 titulis
602 749 704 815 forma
728 748 899 814 admodum
924 749 1098 837 quadrata,
1124 762 1186 816 cet.

197 870 279 936 Tum
297 871 336 936 ad
361 873 507 938 certiores
531 870 775 961 orthographiae
799 883 889 936 notas
913 869 1118 961 progrediens
1141 882 1344 939 trestantum

153 991 262 1070 affert,
287 1015 358 1082 pag.
383 1011 471 1071 xvlt,
497 1005 706 1060 commutatas
728 993 848 1059 litteras
868 992 886 1056 h
906 1004 938 1057 et
957 1015 997 1071 u,
1010 991 1042 1080 f
1055 1004 1087 1058 et
1100 991 1173 1082 ph,
1195 1016 1233 1058 so
1252 1005 1284 1058 ct
1303 1016 1343 1073 a,

153 1113 242 1201 atqui
265 1113 309 1177 sic
332 1112 473 1178 codicem
496 1126 640 1179 nostrum
664 1111 704 1177 ad
724 1111 885 1178 saeculum
906 1124 1056 1201 quartum
1075 1114 1245 1202 promovit3
1268 1136 1345 1181 nam

153 1234 359 1299 commutatio
382 1235 400 1298 b
424 1247 457 1299 et
480 1257 500 1298 υ
524 1233 700 1300 asecundo
725 1233 854 1301 demum
878 1233 1003 1300 saeculo
1028 1232 1210 1300 Christiano
1230 1247 1345 1324 coepta

153 1367 265 1444 quarto
301 1355 461 1446 vulgarem
496 1357 528 1422 in
564 1379 656 1424 usum
691 1369 818 1446 recepta
853 1369 910 1422 est.
961 1356 1002 1421 lt
1037 1355 1204 1446 ignorabat
1238 1355 1345 1422 adhuc

152 1475 349 1542 doctissimus
371 1475 492 1554 editor,
518 1499 675 1564 quaenam
698 1477 732 1541 in
755 1475 837 1541 libro
861 1488 968 1543 nostro
989 1477 1028 1542 sit
1048 1477 1181 1542 istarum
1201 1499 1344 1542 commu·

153 1599 249 1677 tutio,
287 1621 361 1664 nam
397 1596 435 1662 ad
471 1619 603 1662 manum
637 1596 685 1662 illi
715 1619 780 1662 uon
811 1609 879 1664 erat
910 1598 1004 1665 series
1034 1596 1283 1676 vocabulorum,
1308 1597 1344 1664 in

154 1718 269 1808 quibus
293 1719 311 1781 b
335 1728 367 1783 et
389 1739 410 1780 c
432 1716 611 1807 promiscue
630 1716 680 1781 vel
700 1739 737 1783 er
757 1729 842 1784 carta
866 1716 1003 1807 quadam
1024 1718 1134 1809 regula
1153 1729 1341 1798 occurrant,

154 1839 291 1905 necdum
315 1837 355 1902 ab
380 1837 478 1903 altera
498 1859 596 1902 manu
616 1848 787 1903 correctae.
837 1837 879 1904 Et
902 1837 979 1925 quid
999 1862 1116 1928 quaeso
1136 1839 1287 1905 conficias
1305 1862 1343 1906 cx

154 1960 283 2049 triginta
315 1959 376 2024 illis
399 1958 496 2037 locis,
522 1958 578 2023 ubi
601 1970 711 2023 contra
735 1980 828 2023 usum
851 1958 1014 2049 vulgarem
1038 1961 1056 2024 b
1080 1972 1112 2026 et
1135 1983 1155 2023 o
1178 1972 1341 2050 permuta-

154 2081 253 2159 rcrit,
285 2103 360 2145 nam
387 2079 488 2146 donee
520 2079 662 2145 nondum
693 2091 815 2146 constet
844 2079 883 2146 de
911 2092 1074 2170 tempore,
1108 2102 1172 2170 quo
1200 2080 1262 2146 hoe
1292 2080 1342 2147 rel

154 2199 234 2267 illud
265 2201 455 2268 vocabulum
480 2201 572 2267 aliter
593 2201 793 2289 pronuntiari
815 2213 847 2266 ct
871 2201 965 2267 scribi
989 2215 1138 2292 coeptum
1162 2203 1221 2282 sit,
1247 2215 1343 2292 atque

154 2324 256 2389 maior
285 2323 318 2388 in
349 2322 470 2388 librarii
501 2344 561 2387 usu
592 2321 774 2410 apparuerit
805 2323 1000 2401 constantia,
1035 2346 1098 2412 quo
1130 2323 1199 2388 iure
1222 2322 1342 2389 tribuas

155 2443 296 2512 codicem
321 2445 432 2532 quinto
457 2455 512 2511 aut
535 2455 619 2510 serto
643 2443 768 2508 saeculo
789 2456 844 2508 aut
863 2444 1020 2533 septimo?
1054 2443 1182 2522 Voluit,
1206 2445 1241 2509 ni
1251 2444 1345 2510 fallor

155 2561 301 2632 Osannus
320 2565 566 2654 frequentiorem
584 2565 678 2630 fuisse
702 2564 983 2630 commutationem
1008 2577 1120 2653 quarto
1144 2565 1283 2646 saecul03
1312 2578 1344 2631 at

154 2688 204 2753 rir
227 2686 374 2752 convenit
396 2685 459 2752 hoc
482 2707 555 2751 cum
579 2683 660 2751 libro
685 2697 813 2764 nostro,
838 2684 894 2751 ubi
917 2708 974 2775 per
998 2689 1063 2752 300
1083 2685 1160 2750 folia
1177 2686 1212 2751 in
1231 2685 1345 2753 litteris

155 2806 327 2872 admodum
348 2805 568 2894 frequentibus
591 2809 635 2870 30
659 2816 785 2869 tantum
808 2804 897 2870 istius
920 2805 966 2871 rei
989 2817 1162 2870 occurrunt
1185 2807 1341 2897 exempla.

155 2925 245 2993 Idem
275 2927 358 2993 valet
387 2927 421 2991 in
445 2946 505 2990 usu
519 2923 552 3012 f
567 2937 600 2990 et
615 2925 690 3020 ph,
714 2946 789 2989 nam
812 2923 936 2991 etiamsi
956 2925 1015 2990 isto
1039 2938 1182 3015 tempore
1205 2940 1344 3016 grassata

154 3049 194 3113 sit
228 3044 422 3112 consuetudo
456 3045 580 3111 litterae
601 3043 647 3130 f,
684 3044 761 3132 quid
795 3044 869 3111 inde
904 3045 1065 3135 sequitur,
1098 3047 1183 3136 quod
1211 3047 1344 3117 Philus

154 3189 293 3258 semper.
320 3165 386 3231 fere
425 3187 483 3255 per
521 3163 578 3230 Ph
613 3164 766 3254 scriptum
800 3165 915 3245 fuerit,
951 3167 985 3231 in
1028 3190 1092 3257 quo
1128 3170 1151 3233 h
1185 3183 1346 3239 corrector

153 3290 220 3356 fere
242 3287 363 3376 ubique
386 3284 520 3364 delerit,
546 3283 631 3374 quod
656 3298 768 3375 quater
787 3286 932 3374 sfaera,
954 3311 1064 3355 rerum
1084 3291 1175 3356 toties
1188 3293 1344 3381 sphaera

154 3409 294 3489 dederit,
320 3408 405 3498 quod
422 3407 576 3499 Ifigeuia
603 3409 781 3498 scripserit,
803 3422 913 3477 contra
933 3409 1139 3491 Philolaus,
1157 3411 1342 3496 Phalaris,

155 3532 298 3622 ephori,
319 3530 455 3619 ephebi,
473 3531 639 3620 physici,
651 3531 860 3620 philosophi
875 3530 944 3609 bis,
965 3529 1018 3596 sed
1031 3529 1079 3595 bis
1088 3530 1200 3597 itidem
1221 3557 1278 3623 per
1287 3534 1343 3624 f?

156 3652 301 3740 Denique
324 3673 417 3715 usum
444 3647 568 3716 litterae
592 3672 687 3739 spro
712 3673 750 3714 sc
770 3649 808 3715 ad
821 3663 941 3716 certam
954 3651 1064 3716 aetatis
1075 3661 1221 3718 normam
1233 3655 1344 3724 referri

155 3797 245 3864 posse
281 3770 426 3838 Osaunus
461 3794 501 3836 ne
535 3769 682 3861 perhibet
715 3770 863 3860 quidem,
897 3772 961 3837 imo
992 3772 1127 3839 labentis
1158 3775 1208 3840 rel
1237 3776 1343 3865 potius

155 3897 261 3986 lapsae
285 3894 463 3960 Latinitatis
486 3891 682 3982 temporibus
704 3893 797 3957 istam
821 3893 957 3982 assignat
981 3895 1254 3962 consuetudinem.

203 4013 294 4100 Quod
318 4016 343 4079 si
366 4027 451 4080 recte
475 4012 736 4079 demonstraverit
759 4012 834 4093 ifle,
855 4036 892 4079 eo
913 4014 1037 4081 facilius
1054 4016 1198 4082 arincam
1218 4039 1345 4084 necesse

155 4147 219 4213 cst,
252 4134 393 4201 codicem
425 4133 615 4199 Vaticanum
641 4155 705 4197 non
729 4145 842 4221 quarto
866 4133 992 4201 saeculo
1016 4111 1126 4202 rerum
1150 4137 1256 4227 lapsae
1280 4139 1344 4204 La·

154 4255 272 4321 tinitati
301 4254 333 4319 id
364 4267 411 4321 est
442 4255 554 4344 quinto
585 4266 708 4320 sertore
737 4277 802 4321 esse
825 4254 1052 4335 tribuendum,
1078 4278 1141 4345 qua
1164 4259 1198 4323 iu
1221 4282 1255 4324 re
1279 4256 1344 4325 Sil·

154 4388 288 4444 vestrem
323 4373 438 4441 ducem
473 4398 605 4464 sequor,
643 4376 699 4465 qui
730 4377 853 4442 etiamsi
883 4378 916 4442 in
947 4377 1009 4444 hoc
1039 4377 1242 4469 palimpsesto
1265 4379 1343 4447 defi·

154 4494 270 4563 niendo
302 4495 381 4560 mire
411 4494 516 4584 lapsus
543 4496 660 4575 fuerit,
684 4497 718 4562 in
743 4498 857 4564 ceteris
878 4497 964 4564 haud
988 4498 1201 4588 spernendum
1224 4503 1344 4592 magis·

154 4631 238 4683 trum
259 4639 290 4682 se
310 4615 480 4705 praestitit,
500 4617 591 4682 etsie
611 4618 672 4682 iarn
693 4620 803 4706 paucis
821 4619 995 4708 defungar,
1018 4642 1092 4686 narn
1111 4622 1177 4689 sine
1197 4621 1342 4691 codicum
