2888 5144
136 293 200 354 206
516 308 694 356 rtuuaarus
717 306 929 355 unrorrrnus.

134 477 211 541 sima
234 477 469 566 coniunguntur
488 490 522 544 ct
544 475 583 542 ad
602 476 757 564 optimum
779 473 927 566 quodque
946 477 1093 542 transitus
1113 477 1167 556 fit,
1191 477 1307 566 inspice

136 595 281 664 Crosium
309 609 340 662 et
371 596 605 687 Freculphum,
638 595 691 662 sed
721 598 822 686 primo
851 597 921 663 loco
947 599 1095 688 ponitur,
1126 597 1203 664 hinc
1227 598 1308 665 aliud

135 717 274 806 requiro;
310 740 368 805 pro
402 721 491 783 -itur
526 719 593 783 iure
624 730 729 783 nostro
761 718 930 784 rescribere
965 740 1128 808 possumus
1162 719 1309 785 termina·

135 839 253 904 tionem
300 846 374 902 -tus
412 837 462 904 rel
499 847 582 902 ·tem
618 838 694 904 elisa
736 841 765 916 i,
810 838 886 905 hinc
927 838 1060 904 coniicio
1105 841 1186 903 item
1198 861 1210 916 ,·
1255 863 1310 905 nec

135 962 240 1023 etiam
274 959 368 1024 nerui
399 957 520 1039 obstat,
552 958 612 1023 nisi
640 970 769 1048 propter
800 958 944 1024 Paridem
974 959 1072 1024 maris
1089 967 1241 1048 praetor
1264 959 1311 1026 rel

139 1077 262 1144 Gneus.

179 1199 276 1264 Recte
307 1200 434 1264 omnino
465 1200 498 1264 in
527 1198 701 1288 marginem
724 1199 832 1265 reiecit
856 1199 957 1265 Maius
981 1199 1065 1266 unde
1088 1200 1256 1290 irrepserat
1278 1201 1309 1266 in

135 1317 253 1408 Capitis
284 1325 303 1384 5
336 1319 464 1385 titulum
497 1321 751 1409 auspiciorum,
783 1320 838 1409 qni
868 1319 902 1384 in
933 1318 1041 1386 codice
1070 1319 1186 1410 legitur
1218 1323 1236 1406 §
1270 1325 1306 1385 1:

133 1439 284 1506 «Urbem
331 1439 464 1504 Romam
510 1440 775 1530 [auspiciorum]
820 1440 964 1530 auspiciis
996 1440 1155 1506 conditam
1191 1454 1311 1509 certum

132 1572 216 1628 est.»

179 1679 295 1746 Contra
315 1702 379 1745 non
402 1692 488 1757 erat,
513 1701 570 1744 cur
591 1678 669 1744 ibid.
697 1682 714 1764 §
739 1683 759 1744 6
783 1679 933 1746 scriberet
955 1679 987 1745 in
1012 1680 1081 1745 loco
1100 1680 1139 1747 de
1161 1678 1310 1748 Cicerone

130 1802 324 1892 proscripto,
358 1800 442 1889 quod
467 1822 608 1866 «cortus
631 1800 785 1888 virgulam
808 1800 961 1879 ferream,
989 1782 1051 1890 qua
1074 1800 1309 1892 distingueban-

130 1935 184 1988 tur
216 1920 332 2001 horae,
372 1921 416 1987 sic
446 1920 571 1987 rescidit
603 1933 719 1998 rostro,
752 1933 787 1986 ut
819 1943 859 1986 ca
891 1931 1149 1987 excuteretur.»
1190 1921 1311 1989 Codicis

130 2042 224 2108 lectio
257 2042 356 2107 activa
387 2062 461 2104 eam
493 2040 669 2103 excuteret
700 2040 879 2128 recipienda
909 2054 969 2121 est3
1004 2043 1044 2106 cl.
1077 2042 1171 2109 rerba
1194 2043 1311 2109 Paridis

131 2163 164 2241 Ι,
191 2166 210 2228 t
234 2164 251 2247 §
275 2164 296 2225 6
320 2158 505 2249 «horologii
527 2159 646 2225 ferrum
669 2158 739 2224 loco
762 2172 885 2226 motum
908 2163 1080 2228 excussit.»

176 2282 278 2347 Locus
316 2280 356 2347 de
392 2279 514 2346 duabus
543 2278 675 2368 aquilis,
708 2302 789 2367 quae
818 2278 952 2346 Brutum
976 2282 1052 2348 belli
1075 2283 1173 2348 civilis
1196 2285 1311 2351 exitum

129 2413 417 2494 praemonuerunt,
453 2399 497 2466 sio
531 2399 646 2489 legitur
681 2399 765 2491 apud
801 2400 920 2467 Maium
943 2400 967 2490 §
992 2407 1033 2468 7:
1070 2404 1217 2470 «Victrix
1240 2428 1310 2494 pro·

130 2524 212 2590 fecta
243 2522 282 2589 ad
307 2523 472 2590 Caesarem
494 2533 560 2599 est,
581 2519 684 2611 fugit
708 2523 795 2602 iila,
821 2546 903 2612 quae
926 2547 962 2590 ex
988 2525 1098 2590 Bruti
1121 2526 1310 2592 aduenerat

123 2653 272 2734 parte.»
307 2644 406 2710 Recte
427 2641 544 2709 codicis
567 2641 737 2708 lectionem
764 2640 835 2708 «ad
861 2642 1026 2711 Caesarem
1048 2659 1094 2712 est
1118 2646 1310 2736 Augustum

123 2765 270 2855 fugiat,
300 2788 381 2855 qnae
411 2786 447 2829 ex
472 2763 607 2828 Brucia
632 2761 816 2828 diluxerat
831 2773 969 2854 porte»
992 2765 1170 2832 emendavit
1193 2790 1310 2859 expun-

130 2884 233 2976 gendo
268 2887 403 2952 otiosum
438 2884 633 2973 Augustum
668 2883 738 2950 loco
773 2885 876 2951 alieno
910 2886 1068 2952 intrusum
1102 2899 1134 2953 et
1168 2911 1205 2954 ex
1229 2900 1311 2955 certa

132 3006 275 3096 analogia
305 3005 420 3096 sprevit
451 3003 572 3069 librarii
602 3028 626 3068 a
658 3015 731 3070 ante
763 3014 778 3069 t
809 3006 980 3096 irrepsam,
1003 3007 1143 3074 sednon
1167 3022 1235 3075 erat
1258 3032 1311 3075 cur

130 3148 304 3216 pronomen
337 3126 370 3190 in
383 3197 385 3202 ,
399 3123 614 3191 abbreviatore
644 3146 814 3215 sanequam
844 3128 979 3194 otiosum
1007 3127 1046 3195 de
1076 3152 1132 3194 suo
1165 3128 1310 3208 adderet,

133 3269 195 3338 qno
228 3247 254 3311 si
282 3268 360 3335 opus
393 3257 489 3340 esset,
519 3267 560 3308 ea
589 3244 760 3326 sufficeret3
786 3245 923 3338 denique
946 3248 1099 3338 disputari
1120 3262 1243 3339 potest,
1268 3250 1312 3315 la·

132 3379 237 3434 teatne
260 3366 362 3457 potius
385 3364 417 3429 in
443 3364 763 3432 Bruciadiluxerat
779 3378 906 3458 porte,
930 3368 1062 3436 terbum
1085 3370 1198 3459 aquilis
1219 3370 1312 3460 aptis·

133 3489 247 3554 simum
271 3509 314 3551 ex
338 3487 448 3552 Bruti
470 3486 700 3551 advolaverat
715 3495 836 3577 parte.

136 3647 138 3653 ·
179 3606 258 3699 Cap.
289 3612 307 3673 7
339 3609 357 3691 §
387 3610 405 3671 7
439 3629 545 3672 carere
574 3629 738 3696 possumus
769 3607 1019 3697 praepositione,
1045 3610 1183 3697 quaein
1208 3610 1313 3677 codice

133 3731 250 3822 pariter
280 3751 316 3795 ac
346 3727 380 3793 in
409 3727 535 3794 Valerio
566 3726 601 3805 l,
633 3732 653 3793 6
682 3725 705 3815 S
739 3732 758 3792 5
787 3727 894 3794 deest:
943 3728 1049 3795 «ltem
1077 3729 1142 3818 [iu]
1170 3731 1312 3822 sequenti

135 3849 274 3916 tumultu
296 3849 399 3914 infans
419 3871 471 3915 sex
493 3848 651 3914 mensium
673 3847 870 3940 triumphum
894 3849 1077 3916 clamarit.»

181 3968 363 4060 Typnthetis
385 3968 523 4035 tribuere
534 3969 644 4047 selim,
669 3968 753 4058 quod
765 3969 825 4034 tria
837 3969 930 4036 rerba
941 3971 1092 4059 perierint
1109 3970 1186 4062 Cap.
1202 3976 1223 4039 8
1238 3975 1255 4058 §
1271 3979 1309 4040 3:

136 4111 157 4152 <a
170 4089 207 4154 P.
238 4086 353 4178 Decius
384 4090 453 4156 Mus
484 4100 515 4154 et
546 4089 671 4155 Mallius
708 4090 883 4179 Torquatus
914 4091 1056 4157 consules
1087 4091 1172 4158 bello
1203 4092 1312 4160 Latino

136 4208 331 4276 somniarunt
353 4209 411 4276 diis
433 4208 578 4275 manibus
601 4222 766 4298 terraeque
788 4213 881 4277 matri
904 4212 1031 4279 alterius
1048 4217 1174 4304 partis
1198 4214 1311 4280 ducem

137 4332 288 4395 alterius
319 4330 487 4396 exercitum
522 4328 667 4400 deberi.»
710 4330 791 4396 Tum
826 4330 972 4422 equidem
1007 4355 1080 4399 cum
1116 4333 1224 4400 codice
1258 4355 1312 4425 pro

138 4450 301 4518 «Decium
336 4450 468 4538 gloriosa
494 4450 601 4537 sacta
635 4462 835 4540 rapuerunt»
869 4437 1011 4542 praefero
1034 4454 1139 4541 fata,
1174 4478 1237 4521 non
1268 4466 1310 4522 est

138 4595 196 4641 cur
217 4570 417 4639 librariorum
441 4594 527 4639 more
552 4596 569 4635 c
593 4584 664 4638 ante
687 4581 702 4636 t
724 4572 854 4642 inseras.
