2888 5144
588 327 848 376 ruaunrrrours.
1251 311 1314 374 169

110 497 225 575 stam,
251 496 340 562 cuius
364 495 578 564 defensionem
602 500 776 589 supplicem
799 498 899 565 nollet
921 495 1072 576 recitare,
1098 497 1237 576 «aufer,
1256 496 1317 562 in·

130 619 219 707 quit,
244 639 372 705 quaeso
396 622 540 685 istam.»
588 623 690 706 Quem
712 621 835 686 etiamsi
857 642 922 685 non
944 619 1100 685 habemus
1121 629 1316 684 annuentem

128 738 194 817 VI,
228 743 292 826 85
319 742 359 817 1,
383 753 518 806 nonest
543 742 691 807 curLib.
717 730 783 820 VI,
809 738 887 831 Cap.
913 744 934 808 8
959 743 978 826 §
1004 743 1018 806 l
1054 739 1207 806 absonum
1238 740 1316 805 reti-

126 883 260 926 neamus
289 860 433 927 ordinem
470 863 569 951 «ipso
605 867 835 953 promittente
872 862 985 951 fidem
1020 884 1145 928 servo.»
1192 861 1313 939 Maius,

126 979 352 1049 contrahebat
370 983 500 1049 fortasse
523 983 583 1049 sibi
601 985 822 1063 assentientes,
844 984 901 1049 ubi
925 984 1107 1051 adversante
1131 983 1240 1051 codice
1257 983 1315 1048 de·

126 1103 209 1169 derit
240 1103 312 1168 Lib.
338 1102 421 1183 VII,
444 1101 522 1194 Cap.
547 1108 567 1169 2
593 1107 611 1190 §
637 1108 699 1170 23:
724 1127 829 1170 «oum
852 1118 987 1195 utraque
1009 1128 1057 1172 res
1081 1104 1179 1196 apud
1201 1127 1316 1194 regem

127 1231 272 1314 occepta
307 1224 388 1303 sit,>›
419 1223 589 1290 dummodo
621 1225 683 1291 hoc
707 1225 895 1293 adnotasset.
944 1225 1065 1293 Eodem
1096 1227 1199 1316 capite
1227 1229 1312 1310 537

128 1344 212 1434 quod
258 1344 364 1411 dedit:
406 1346 516 1411 «dnos
549 1369 646 1436 equos
680 1348 862 1427 constituit,
898 1346 1124 1414 validissimum
1158 1347 1312 1424 alterum,

128 1466 406 1554 infirmissimum
439 1469 635 1547 alterurn,»
670 1468 821 1533 Latinum
855 1490 919 1532 non
955 1480 1021 1547 est,
1057 1466 1091 1532 ni
1122 1467 1234 1546 fallor,
1259 1466 1313 1531 sed

127 1588 314 1676 transposita
345 1587 535 1678 respondent
557 1589 743 1655 emendatae
765 1588 896 1655 lectioni
920 1588 1035 1654 codicis
1059 1587 1225 1653 Bernensis
1250 1587 1313 1652 Va·

127 1708 197 1774 lerii
225 1707 284 1773 Vll
295 1757 304 1788 ,
330 1713 350 1774 3
376 1711 394 1794 §
420 1712 453 1775 6.
501 1710 622 1775 Paridis
645 1732 757 1774 manus
780 1708 960 1798 reponenda
983 1720 1030 1775 cst
1053 1731 1126 1774 cum
1151 1707 1258 1773 codice
1281 1720 1313 1774 et

129 1830 255 1897 valerio
275 1831 371 1910 VIII,
394 1835 435 1896 14
460 1832 530 1898 nn.
556 1834 574 1917 5
600 1837 642 1912 3,
666 1832 699 1897 in
725 1830 899 1897 Aristotelis
911 1831 1013 1896 rerbis
1026 1830 1097 1896 Lib.
1112 1829 1205 1908 VIII,
1232 1827 1312 1918 Gap.

130 1959 170 2019 13
197 1956 215 2037 5
243 1956 284 2017 9:
310 1952 466 2042 «planius
489 1952 532 2017 de
553 1955 610 2017 lais
630 1953 699 2018 sibi
721 1953 754 2017 in
768 1951 939 2018 Theodecti
962 1951 1050 2016 libris
1069 1950 1190 2016 dictum
1209 1971 1313 2016 esse.»

128 2073 273 2162 lienique
304 2085 472 2164 transpone
504 2073 567 2138 dno
602 2073 697 2138 verba
727 2073 838 2138 ultima
861 2070 1050 2162 paragraphi
1072 2071 1203 2136 ultimae
1226 2071 1315 2160 capi·

128 2195 165 2260 tis
189 2192 300 2259 itidem
322 2194 427 2259 ultimi
450 2194 539 2259 Libri
562 2193 628 2272 IX,
655 2216 760 2259 «cum
783 2193 838 2258 ille
864 2190 1044 2258 Ariarathes
1067 2214 1085 2256 a
1107 2191 1152 2257 M.
1175 2192 1314 2257 Antonio

128 2319 263 2380 occisus
295 2323 388 2379 esset
399 2338 433 2394 ,n
467 2337 662 2403 quamquam
686 2313 829 2379 Valerius
852 2313 918 2391 IX,
941 2316 981 2378 15
1008 2313 1079 2377 Ert.
1106 2315 1256 2398 §2rem
1278 2314 1312 2378 in

128 2435 232 2502 medio
265 2434 434 2524 relinquat.
484 2433 616 2500 Necnon
639 2434 672 2498 in
696 2433 785 2498 Libri
808 2433 853 2511 X,
879 2433 1004 2497 Valerio
1028 2430 1121 2521 vulgo
1144 2433 1311 2523 adscripti,

130 2561 147 2644 §
182 2562 202 2622 3
231 2543 379 2645 ¹peccarit
410 2554 512 2619 Maius
541 2556 575 2619 iu
599 2554 718 2620 verbis:
769 2554 926 2619 alneum
949 2575 1142 2643 praenomen
1168 2555 1313 2620 Valerius

130 2676 238 2742 Antias
270 2676 397 2754 scribit,
430 2675 516 2764 quod
547 2674 690 2741 cubitum
722 2676 867 2740 vitiosum
898 2673 1064 2752 habuerit,
1101 2674 1167 2762 qui*
1193 2675 1313 2741 Graece

130 2797 232 2875 synai
255 2808 427 2874 vocatum»
451 2793 548 2860 codex
572 2795 658 2860 enlm
681 2792 806 2859 exhibet
829 2806 991 2858 «uocatur
1014 2774 1164 2860 affin.»

173 2901 352 2982 Redeamus
376 2915 415 2980 ad
439 2916 571 2981 Librum
594 2915 629 2993 Ι,
656 2912 736 3004 Gap.
763 2921 781 2979 5
808 2915 825 2999 5
848 2917 889 2992 7,
915 2913 971 2980 ubi
994 2914 1095 2981 Maius
1117 2914 1316 3004 negligenter

130 3037 245 3104 edidit:
279 3059 385 3102 «cum
416 3037 460 3103 M.
494 3036 611 3101 Brutus
643 3036 800 3101 Graecum
827 3058 951 3100 uersum
979 3035 1074 3102 uellet
1097 3058 1268 3127 exponere
1278 3058 1314 3113 ‚n

130 3183 203 3225 uam
235 3158 332 3225 codex
355 3181 428 3223 cum
453 3156 578 3222 Valerio
601 3155 635 3235 l,
662 3163 681 3222 5
709 3159 726 3241 5
755 3160 774 3222 7
799 3157 998 3222 consentiens
1019 3156 1116 3222 habet
1138 3157 1200 3224 hac
1222 3157 1255 3221 in
1279 3178 1314 3222 re

129 3281 261 3348 verbum
283 3279 434 3344 usitatum
458 3299 669 3368 expromere.

174 3400 360 3491 Typothetis
393 3421 532 3464 errorem
554 3397 719 3463 tribuerim
744 3397 862 3462 ibidem
887 3400 904 3482 5
929 3402 970 3476 9,
995 3397 1234 3463 Priennenses
1258 3398 1313 3485 qui

119 3523 285 3589 'dederunt
316 3543 389 3587 cum
416 3521 536 3610 duplici
559 3544 583 3584 n
606 3532 716 3585 contra
739 3519 897 3598 codicem,
922 3542 997 3584 nam
1019 3518 1115 3585 modo
1139 3518 1224 3583 idem
1246 3541 1316 3583 rer·

132 3643 206 3710 bum
232 3654 317 3709 recte
338 3653 509 3732 posuerant
532 3640 796 3707 Prienensibus.

176 3764 355 3831 Genuinam
390 3763 525 3828 formam
561 3762 646 3827 Paris
678 3773 852 3827 servaverat
881 3758 959 3851 Gap.
985 3764 1006 3827 6
1031 3764 1048 3845 5
1075 3763 1136 3824 12:
1163 3762 1315 3849 «apium

131 3885 324 3951 examinibus
348 3884 436 3973 signa
455 3882 620 3949 obscurata
641 3879 701 3948 Cu.
722 3881 909 3971 Pompeii,>›
929 3903 1026 3970 quam
1046 3880 1210 3970 Kempfius
1230 3892 1316 3946 recte

130 3988 269 4072 reddidi:
294 4005 419 4071 Valerio
451 4005 489 4084 Ι,
518 4009 538 4069 6
564 4009 581 4091 5
608 4007 663 4084 12;
690 4015 799 4070 contra
823 4002 924 4068 Maius
948 4014 979 4067 et
998 4001 1123 4080 codices
1146 3999 1316 4068 deteriores

132 4127 281 4196 exhibent
315 4127 449 4191 formam
481 4125 515 4190 in
549 4149 618 4189 nm.
667 4124 786 4191 Iniuria
816 4123 917 4189 Maius
949 4122 1060 4190 eodem
1092 4122 1195 4212 capite
1226 4124 1244 4206 5
1274 4125 1313 4187 15

131 4248 272 4339 scripsit:
310 4247 457 4313 «Xerxes
480 4245 621 4310 infusum
638 4253 773 4335 patera
797 4245 905 4308 vinum
929 4243 962 4306 in
986 4242 1172 4332 sanguinem
1190 4266 1316 4309 versum

130 4369 319 4458 imaginatus
341 4379 433 4445 est,»
457 4365 554 4431 codex
577 4365 663 4430 enim
687 4376 718 4429 et
743 4363 888 4428 Valerius
910 4363 945 4441 l,
970 4367 990 4428 6
1016 4363 1088 4430 Eut.
1114 4365 1130 4450 5
1154 4368 1169 4429 1
1196 4364 1315 4429 habent

124 4499 285 4580 paterae.

150 4609 326 4678 -Iliusdem
368 4608 577 4700 negligentiae
617 4605 714 4673 habes
756 4605 983 4672 documentum
1025 4606 1105 4696 (lap.
1146 4612 1164 4673 7
1209 4604 1233 4694 5
1268 4609 1313 4672 2:

1076 4729 1111 4779 19
