<?xml version="1.0" encoding="UTF-8"?>
<!DOCTYPE html PUBLIC "-//W3C//DTD XHTML 1.0 Transitional//EN"
    "http://www.w3.org/TR/xhtml1/DTD/xhtml1-transitional.dtd">
<html xmlns="http://www.w3.org/1999/xhtml" xml:lang="en" lang="en">
 <head>
  <title>
</title>
<meta http-equiv="Content-Type" content="text/html;charset=utf-8" />
  <meta name='ocr-system' content='tesseract 3.04.00' />
  <meta name='ocr-capabilities' content='ocr_page ocr_carea ocr_par ocr_line ocrx_word'/>
</head>
<body>
  <div class='ocr_page' id='page_1' title='image "./schedaevaticana00rieugoog_0217.png"; bbox 0 0 2888 5144; ppageno 0'>
   <div class='ocr_carea' id='block_1_1' title="bbox 143 301 920 384">
    <p class='ocr_par' dir='ltr' id='par_1_1' title="bbox 143 301 920 384">
     <span class='ocr_line' id='line_1_1' title="bbox 143 301 920 384; baseline 0.003 -19"><span class='ocrx_word' id='word_1_1' title='bbox 143 301 206 365; x_wconf 80' lang='lat'><strong>198</strong></span> <span class='ocrx_word' id='word_1_2' title='bbox 368 339 372 346; x_wconf 92' lang='lat'>-</span> <span class='ocrx_word' id='word_1_3' title='bbox 615 320 725 368; x_wconf 80' lang='lat' dir='ltr'><strong>socrus</strong></span> <span class='ocrx_word' id='word_1_4' title='bbox 749 319 854 367; x_wconf 75' lang='lat' dir='ltr'><strong>ranis.</strong></span> <span class='ocrx_word' id='word_1_5' title='bbox 917 380 920 384; x_wconf 46' lang='lat'><strong>.</strong></span> 
     </span>
    </p>
   </div>
   <div class='ocr_carea' id='block_1_2' title="bbox 135 486 1328 1304">
    <p class='ocr_par' dir='ltr' id='par_1_2' title="bbox 139 486 1328 678">
     <span class='ocr_line' id='line_1_2' title="bbox 139 486 1328 579; baseline 0.007 -28"><span class='ocrx_word' id='word_1_6' title='bbox 139 486 178 552; x_wconf 90' lang='lat' dir='ltr'><strong>de</strong></span> <span class='ocrx_word' id='word_1_7' title='bbox 195 487 298 553; x_wconf 90' lang='lat' dir='ltr'><strong>occiso</strong></span> <span class='ocrx_word' id='word_1_8' title='bbox 318 490 481 554; x_wconf 86' lang='lat' dir='ltr'><strong>confessio.</strong></span> <span class='ocrx_word' id='word_1_9' title='bbox 533 494 550 575; x_wconf 91' lang='lat'>§</span> <span class='ocrx_word' id='word_1_10' title='bbox 578 494 596 556; x_wconf 80' lang='lat' dir='ltr'><strong>t</strong></span> <span class='ocrx_word' id='word_1_11' title='bbox 619 490 760 557; x_wconf 83' lang='lat' dir='ltr'><strong>adscivit.</strong></span> <span class='ocrx_word' id='word_1_12' title='bbox 812 489 882 579; x_wconf 85' lang='lat' dir='ltr'><strong>(V.)</strong></span> <span class='ocrx_word' id='word_1_13' title='bbox 901 511 960 559; x_wconf 87' lang='lat' dir='ltr'><strong>nec</strong></span> <span class='ocrx_word' id='word_1_14' title='bbox 976 489 1037 555; x_wconf 85' lang='lat' dir='ltr'><strong>luit</strong></span> <span class='ocrx_word' id='word_1_15' title='bbox 1057 489 1086 554; x_wconf 90' lang='lat' dir='ltr'><strong>ei</strong></span> <span class='ocrx_word' id='word_1_16' title='bbox 1098 488 1213 578; x_wconf 89' lang='lat' dir='ltr'><strong>pudori</strong></span> <span class='ocrx_word' id='word_1_17' title='bbox 1226 489 1328 559; x_wconf 85' lang='lat' dir='ltr'><strong>lilium-</strong></span> 
     </span>
     <span class='ocr_line' id='line_1_3' title="bbox 139 608 657 678; baseline 0.008 -5"><span class='ocrx_word' id='word_1_18' title='bbox 139 608 240 674; x_wconf 78' lang='lat' dir='ltr'><strong>civem</strong></span> <span class='ocrx_word' id='word_1_19' title='bbox 262 608 426 677; x_wconf 88' lang='lat' dir='ltr'><strong>hominem</strong></span> <span class='ocrx_word' id='word_1_20' title='bbox 449 610 657 678; x_wconf 90' lang='lat' dir='ltr'><strong>dissimulare.</strong></span> 
     </span>
    </p>

    <p class='ocr_par' dir='ltr' id='par_1_3' title="bbox 135 727 1325 1304">
     <span class='ocr_line' id='line_1_4' title="bbox 184 727 1324 821; baseline 0.005 -28"><span class='ocrx_word' id='word_1_21' title='bbox 184 727 262 819; x_wconf 82' lang='lat' dir='ltr'><strong>Gap.</strong></span> <span class='ocrx_word' id='word_1_22' title='bbox 290 735 310 794; x_wconf 91' lang='lat'>6</span> <span class='ocrx_word' id='word_1_23' title='bbox 343 733 361 815; x_wconf 89' lang='lat'>§</span> <span class='ocrx_word' id='word_1_24' title='bbox 392 734 407 796; x_wconf 91' lang='grc'><strong>1</strong></span> <span class='ocrx_word' id='word_1_25' title='bbox 446 732 596 797; x_wconf 77' lang='lat' dir='ltr'><strong>vendidit.</strong></span> <span class='ocrx_word' id='word_1_26' title='bbox 669 731 734 821; x_wconf 89' lang='lat' dir='ltr'><strong>(V.)</strong></span> <span class='ocrx_word' id='word_1_27' title='bbox 760 756 824 821; x_wconf 92' lang='lat' dir='ltr'><strong>quo</strong></span> <span class='ocrx_word' id='word_1_28' title='bbox 847 733 986 798; x_wconf 84' lang='lat' dir='ltr'><strong>facinore</strong></span> <span class='ocrx_word' id='word_1_29' title='bbox 1010 732 1180 797; x_wconf 77' lang='lat' dir='ltr'><strong>maximam</strong></span> <span class='ocrx_word' id='word_1_30' title='bbox 1204 733 1324 799; x_wconf 85' lang='lat' dir='ltr'>cladem</span> 
     </span>
     <span class='ocr_line' id='line_1_5' title="bbox 135 850 1324 942; baseline 0.003 -26"><span class='ocrx_word' id='word_1_31' title='bbox 135 850 342 917; x_wconf 88' lang='lat' dir='ltr'><strong>barbarorum</strong></span> <span class='ocrx_word' id='word_1_32' title='bbox 366 853 583 942; x_wconf 76' lang='lat' dir='ltr'><strong>magnitudine</strong></span> <span class='ocrx_word' id='word_1_33' title='bbox 607 854 748 920; x_wconf 89' lang='lat' dir='ltr'><strong>criminis</strong></span> <span class='ocrx_word' id='word_1_34' title='bbox 771 854 948 921; x_wconf 82' lang='lat' dir='ltr'><strong>antecessit.</strong></span> <span class='ocrx_word' id='word_1_35' title='bbox 1019 856 1079 940; x_wconf 85' lang='lat'><strong>§2</strong></span> <span class='ocrx_word' id='word_1_36' title='bbox 1116 875 1197 919; x_wconf 82' lang='lat' dir='ltr'><strong>nave</strong></span> <span class='ocrx_word' id='word_1_37' title='bbox 1267 855 1324 920; x_wconf 68' lang='lat' dir='ltr'><strong>aa</strong></span> 
     </span>
     <span class='ocr_line' id='line_1_6' title="bbox 138 971 1325 1065; baseline 0.005 -29"><span class='ocrx_word' id='word_1_38' title='bbox 138 972 183 1038; x_wconf 88' lang='lat' dir='ltr'><strong>V.</strong></span> <span class='ocrx_word' id='word_1_39' title='bbox 208 973 290 1038; x_wconf 80' lang='lat' dir='ltr'><strong>add.</strong></span> <span class='ocrx_word' id='word_1_40' title='bbox 314 971 320 1062; x_wconf 99' lang='grc' dir='ltr'>Ι</span> <span class='ocrx_word' id='word_1_41' title='bbox 340 974 470 1039; x_wconf 82' lang='lat' dir='ltr'><strong>curarit.</strong></span> <span class='ocrx_word' id='word_1_42' title='bbox 545 974 615 1063; x_wconf 83' lang='lat' dir='ltr'><strong>(V.)</strong></span> <span class='ocrx_word' id='word_1_43' title='bbox 641 998 737 1065; x_wconf 91' lang='lat' dir='ltr'><strong>quem</strong></span> <span class='ocrx_word' id='word_1_44' title='bbox 759 986 885 1040; x_wconf 90' lang='lat' dir='ltr'><strong>senatus</strong></span> <span class='ocrx_word' id='word_1_45' title='bbox 910 974 1016 1040; x_wconf 91' lang='lat' dir='ltr'><strong>albam</strong></span> <span class='ocrx_word' id='word_1_46' title='bbox 1041 973 1202 1062; x_wconf 77' lang='lat' dir='ltr'><strong>relegavit.</strong></span> <span class='ocrx_word' id='word_1_47' title='bbox 1265 979 1283 1063; x_wconf 88' lang='lat'>§</span> <span class='ocrx_word' id='word_1_48' title='bbox 1306 981 1325 1041; x_wconf 83' lang='lat'><strong>3</strong></span> 
     </span>
     <span class='ocr_line' id='line_1_7' title="bbox 136 1092 1324 1185; baseline 0.004 -28"><span class='ocrx_word' id='word_1_49' title='bbox 136 1092 250 1159; x_wconf 91' lang='lat' dir='ltr'><strong>ducem</strong></span> <span class='ocrx_word' id='word_1_50' title='bbox 320 1094 385 1183; x_wconf 88' lang='lat' dir='ltr'><strong>(V.)</strong></span> <span class='ocrx_word' id='word_1_51' title='bbox 418 1097 507 1162; x_wconf 91' lang='lat' dir='ltr'><strong>cuius</strong></span> <span class='ocrx_word' id='word_1_52' title='bbox 538 1096 656 1185; x_wconf 90' lang='lat' dir='ltr'><strong>optima</strong></span> <span class='ocrx_word' id='word_1_53' title='bbox 686 1118 781 1184; x_wconf 89' lang='lat' dir='ltr'><strong>opera</strong></span> <span class='ocrx_word' id='word_1_54' title='bbox 808 1095 910 1184; x_wconf 88' lang='lat' dir='ltr'><strong>primo</strong></span> <span class='ocrx_word' id='word_1_55' title='bbox 934 1093 1018 1160; x_wconf 89' lang='lat' dir='ltr'><strong>bello</strong></span> <span class='ocrx_word' id='word_1_56' title='bbox 1040 1096 1159 1183; x_wconf 91' lang='lat' dir='ltr'><strong>punico</strong></span> <span class='ocrx_word' id='word_1_57' title='bbox 1184 1097 1233 1162; x_wconf 90' lang='lat' dir='ltr'><strong>usi</strong></span> <span class='ocrx_word' id='word_1_58' title='bbox 1257 1097 1324 1162; x_wconf 87' lang='lat' dir='ltr'><strong>fue·</strong></span> 
     </span>
     <span class='ocr_line' id='line_1_8' title="bbox 135 1215 1323 1304; baseline 0.004 -26"><span class='ocrx_word' id='word_1_59' title='bbox 135 1227 205 1279; x_wconf 87' lang='lat' dir='ltr'><strong>rant</strong></span> <span class='ocrx_word' id='word_1_60' title='bbox 239 1228 271 1282; x_wconf 98' lang='lat' dir='ltr'><strong>et</strong></span> <span class='ocrx_word' id='word_1_61' title='bbox 305 1238 368 1304; x_wconf 89' lang='lat' dir='ltr'><strong>quo</strong></span> <span class='ocrx_word' id='word_1_62' title='bbox 403 1216 530 1282; x_wconf 85' lang='lat' dir='ltr'><strong>iurante</strong></span> <span class='ocrx_word' id='word_1_63' title='bbox 566 1215 690 1280; x_wconf 90' lang='lat' dir='ltr'><strong>atilium</strong></span> <span class='ocrx_word' id='word_1_64' title='bbox 724 1215 870 1304; x_wconf 78' lang='lat' dir='ltr'><strong>regulum</strong></span> <span class='ocrx_word' id='word_1_65' title='bbox 904 1227 1064 1304; x_wconf 86' lang='lat' dir='ltr'><strong>ceperant.</strong></span> <span class='ocrx_word' id='word_1_66' title='bbox 1136 1221 1154 1303; x_wconf 86' lang='lat'>§</span> <span class='ocrx_word' id='word_1_67' title='bbox 1192 1221 1210 1281; x_wconf 83' lang='lat'><strong>4</strong></span> <span class='ocrx_word' id='word_1_68' title='bbox 1249 1216 1323 1283; x_wconf 90' lang='lat' dir='ltr'><strong>urbe</strong></span> 
     </span>
    </p>
   </div>
   <div class='ocr_carea' id='block_1_3' title="bbox 136 1311 953 1425">
    <p class='ocr_par' dir='ltr' id='par_1_4' title="bbox 136 1311 953 1425">
     <span class='ocr_line' id='line_1_9' title="bbox 136 1311 953 1425; baseline 0.002 -28"><span class='ocrx_word' id='word_1_69' title='bbox 136 1311 214 1399; x_wconf 76' lang='lat' dir='ltr'><strong>urbe</strong></span> <span class='ocrx_word' id='word_1_70' title='bbox 239 1334 329 1424; x_wconf 82' lang='lat' dir='ltr'><strong>(V.):</strong></span> <span class='ocrx_word' id='word_1_71' title='bbox 357 1334 654 1425; x_wconf 76' lang='lat' dir='ltr'><strong>inexpugnabilibus</strong></span> <span class='ocrx_word' id='word_1_72' title='bbox 679 1336 778 1400; x_wconf 89' lang='lat' dir='ltr'><strong>muris</strong></span> <span class='ocrx_word' id='word_1_73' title='bbox 802 1335 953 1400; x_wconf 92' lang='lat' dir='ltr'><strong>cinctam.</strong></span> 
     </span>
    </p>
   </div>
   <div class='ocr_carea' id='block_1_4' title="bbox 118 1453 1322 4686">
    <p class='ocr_par' dir='ltr' id='par_1_5' title="bbox 128 1453 1322 3232">
     <span class='ocr_line' id='line_1_10' title="bbox 181 1453 1322 1547; baseline -0.001 -26"><span class='ocrx_word' id='word_1_74' title='bbox 181 1453 257 1545; x_wconf 83' lang='lat' dir='ltr'><strong>Gap.</strong></span> <span class='ocrx_word' id='word_1_75' title='bbox 283 1460 301 1521; x_wconf 93' lang='lat'><strong>7</strong></span> <span class='ocrx_word' id='word_1_76' title='bbox 321 1455 554 1547; x_wconf 80' lang='lat' dir='ltr'><strong>praecedenti</strong></span> <span class='ocrx_word' id='word_1_77' title='bbox 574 1456 810 1534; x_wconf 74' lang='lat' dir='ltr'><strong>adhaerebat,</strong></span> <span class='ocrx_word' id='word_1_78' title='bbox 842 1455 933 1520; x_wconf 83' lang='lat' dir='ltr'><strong>ande</strong></span> <span class='ocrx_word' id='word_1_79' title='bbox 956 1459 994 1518; x_wconf 81' lang='lat' dir='ltr'><strong>in</strong></span> <span class='ocrx_word' id='word_1_80' title='bbox 1019 1477 1113 1543; x_wconf 85' lang='lat' dir='ltr'><strong>seqq.</strong></span> <span class='ocrx_word' id='word_1_81' title='bbox 1140 1455 1322 1546; x_wconf 76' lang='lat' dir='ltr'><strong>discrepat</strong></span> 
     </span>
     <span class='ocr_line' id='line_1_11' title="bbox 134 1577 1322 1668; baseline -0.001 -26"><span class='ocrx_word' id='word_1_82' title='bbox 134 1581 287 1668; x_wconf 80' lang='lat' dir='ltr'><strong>capitam</strong></span> <span class='ocrx_word' id='word_1_83' title='bbox 320 1600 482 1643; x_wconf 75' lang='lat' dir='ltr'><strong>cameras</strong></span> <span class='ocrx_word' id='word_1_84' title='bbox 514 1581 552 1642; x_wconf 82' lang='lat' dir='ltr'><strong>ia</strong></span> <span class='ocrx_word' id='word_1_85' title='bbox 585 1577 737 1642; x_wconf 82' lang='lat' dir='ltr'><strong>editione</strong></span> <span class='ocrx_word' id='word_1_86' title='bbox 768 1587 801 1642; x_wconf 85' lang='lat' dir='ltr'><strong>et</strong></span> <span class='ocrx_word' id='word_1_87' title='bbox 833 1577 972 1657; x_wconf 81' lang='lat' dir='ltr'><strong>codice;</strong></span> <span class='ocrx_word' id='word_1_88' title='bbox 1002 1579 1177 1641; x_wconf 82' lang='lat' dir='ltr'><strong>recentior</strong></span> <span class='ocrx_word' id='word_1_89' title='bbox 1200 1600 1322 1641; x_wconf 81' lang='lat' dir='ltr'><strong>manas</strong></span> 
     </span>
     <span class='ocr_line' id='line_1_12' title="bbox 133 1695 1322 1788; baseline 0 -26"><span class='ocrx_word' id='word_1_90' title='bbox 133 1697 237 1763; x_wconf 67' lang='lat' dir='ltr'><strong>adei:</strong></span> <span class='ocrx_word' id='word_1_91' title='bbox 260 1699 307 1764; x_wconf 85' lang='lat' dir='ltr'><strong>lle</strong></span> <span class='ocrx_word' id='word_1_92' title='bbox 331 1700 362 1764; x_wconf 85' lang='lat' dir='ltr'><strong>vi</strong></span> <span class='ocrx_word' id='word_1_93' title='bbox 384 1711 416 1765; x_wconf 88' lang='lat' dir='ltr'><strong>et</strong></span> <span class='ocrx_word' id='word_1_94' title='bbox 439 1699 605 1764; x_wconf 87' lang='lat' dir='ltr'><strong>sedicione.</strong></span> <span class='ocrx_word' id='word_1_95' title='bbox 676 1703 734 1786; x_wconf 95' lang='grc' dir='ltr'><strong>Ι1</strong></span> <span class='ocrx_word' id='word_1_96' title='bbox 766 1698 805 1763; x_wconf 91' lang='lat' dir='ltr'><strong>L.</strong></span> <span class='ocrx_word' id='word_1_97' title='bbox 877 1698 915 1764; x_wconf 87' lang='lat' dir='ltr'><strong>L.</strong></span> <span class='ocrx_word' id='word_1_98' title='bbox 942 1721 974 1786; x_wconf 91' lang='lat' dir='ltr'><strong>q.</strong></span> <span class='ocrx_word' id='word_1_99' title='bbox 1003 1695 1109 1786; x_wconf 84' lang='grc' dir='ltr'><strong>Ι1111).</strong></span> <span class='ocrx_word' id='word_1_100' title='bbox 1180 1696 1216 1762; x_wconf 90' lang='lat' dir='ltr'><strong>ti.</strong></span> <span class='ocrx_word' id='word_1_101' title='bbox 1244 1696 1322 1788; x_wconf 82' lang='lat' dir='ltr'><strong>(pro</strong></span> 
     </span>
     <span class='ocr_line' id='line_1_13' title="bbox 134 1816 1320 1907; baseline -0.001 -23"><span class='ocrx_word' id='word_1_102' title='bbox 134 1819 300 1899; x_wconf 84' lang='lat' dir='ltr'><strong>Tiberius,</strong></span> <span class='ocrx_word' id='word_1_103' title='bbox 331 1829 370 1885; x_wconf 86' lang='lat' dir='ltr'><strong>at</strong></span> <span class='ocrx_word' id='word_1_104' title='bbox 394 1819 475 1900; x_wconf 88' lang='lat' dir='ltr'><strong>Vll,</strong></span> <span class='ocrx_word' id='word_1_105' title='bbox 502 1823 521 1884; x_wconf 71' lang='grc'><strong>1</strong></span> <span class='ocrx_word' id='word_1_106' title='bbox 555 1825 573 1907; x_wconf 96' lang='grc' dir='ltr'>Ι</span> <span class='ocrx_word' id='word_1_107' title='bbox 607 1824 648 1899; x_wconf 88' lang='grc'><strong>9,</strong></span> <span class='ocrx_word' id='word_1_108' title='bbox 681 1824 701 1885; x_wconf 89' lang='grc'><strong>6</strong></span> <span class='ocrx_word' id='word_1_109' title='bbox 731 1824 749 1906; x_wconf 92' lang='grc' dir='ltr'>Ι</span> <span class='ocrx_word' id='word_1_110' title='bbox 775 1819 906 1897; x_wconf 76' lang='lat' dir='ltr'><strong>1,1X,</strong></span> <span class='ocrx_word' id='word_1_111' title='bbox 935 1822 973 1883; x_wconf 71' lang='grc'><strong>11</strong></span> <span class='ocrx_word' id='word_1_112' title='bbox 999 1824 1017 1906; x_wconf 95' lang='grc' dir='ltr'>Ι</span> <span class='ocrx_word' id='word_1_113' title='bbox 1041 1817 1072 1906; x_wconf 83' lang='grc'><strong>4)</strong></span> <span class='ocrx_word' id='word_1_114' title='bbox 1107 1816 1113 1907; x_wconf 98' lang='grc' dir='ltr'>Ι</span> <span class='ocrx_word' id='word_1_115' title='bbox 1143 1816 1320 1885; x_wconf 84' lang='lat' dir='ltr'><strong>decessisse.</strong></span> 
     </span>
     <span class='ocr_line' id='line_1_14' title="bbox 134 1937 1320 2029; baseline 0 -25"><span class='ocrx_word' id='word_1_116' title='bbox 134 1937 200 2027; x_wconf 88' lang='lat' dir='ltr'><strong>(V.)</strong></span> <span class='ocrx_word' id='word_1_117' title='bbox 225 1963 329 2029; x_wconf 87' lang='lat' dir='ltr'><strong>neque</strong></span> <span class='ocrx_word' id='word_1_118' title='bbox 353 1953 498 2029; x_wconf 89' lang='lat' dir='ltr'><strong>oportere</strong></span> <span class='ocrx_word' id='word_1_119' title='bbox 522 1940 693 2006; x_wconf 89' lang='lat' dir='ltr'><strong>clarissime</strong></span> <span class='ocrx_word' id='word_1_120' title='bbox 716 1938 835 2004; x_wconf 88' lang='lat' dir='ltr'><strong>familie</strong></span> <span class='ocrx_word' id='word_1_121' title='bbox 859 1940 981 2028; x_wconf 81' lang='lat' dir='ltr'><strong>ignotas</strong></span> <span class='ocrx_word' id='word_1_122' title='bbox 1005 1938 1111 2005; x_wconf 91' lang='lat' dir='ltr'><strong>sordes</strong></span> <span class='ocrx_word' id='word_1_123' title='bbox 1130 1939 1227 2004; x_wconf 90' lang='lat' dir='ltr'><strong>inseri</strong></span> <span class='ocrx_word' id='word_1_124' title='bbox 1250 1962 1320 2006; x_wconf 92' lang='lat' dir='ltr'><strong>cum</strong></span> 
     </span>
     <span class='ocr_line' id='line_1_15' title="bbox 131 2058 1320 2149; baseline -0.001 -24"><span class='ocrx_word' id='word_1_125' title='bbox 131 2059 295 2149; x_wconf 83' lang='lat' dir='ltr'><strong>inprovida</strong></span> <span class='ocrx_word' id='word_1_126' title='bbox 331 2060 487 2126; x_wconf 89' lang='lat' dir='ltr'><strong>concitate</strong></span> <span class='ocrx_word' id='word_1_127' title='bbox 521 2059 733 2125; x_wconf 89' lang='lat' dir='ltr'><strong>multitudinis</strong></span> <span class='ocrx_word' id='word_1_128' title='bbox 767 2060 927 2125; x_wconf 88' lang='lat' dir='ltr'><strong>temeritas</strong></span> <span class='ocrx_word' id='word_1_129' title='bbox 957 2083 1014 2148; x_wconf 87' lang='lat' dir='ltr'><strong>pro</strong></span> <span class='ocrx_word' id='word_1_130' title='bbox 1046 2058 1260 2149; x_wconf 90' lang='lat' dir='ltr'><strong>imprudentia</strong></span> <span class='ocrx_word' id='word_1_131' title='bbox 1290 2072 1320 2127; x_wconf 89' lang='lat' dir='ltr'><strong>et</strong></span> 
     </span>
     <span class='ocr_line' id='line_1_16' title="bbox 133 2164 1317 2270; baseline 0.003 -26"><span class='ocrx_word' id='word_1_132' title='bbox 133 2180 264 2246; x_wconf 89' lang='lat' dir='ltr'><strong>audacia</strong></span> <span class='ocrx_word' id='word_1_133' title='bbox 295 2180 442 2262; x_wconf 77' lang='lat' dir='ltr'><strong>adversus</strong></span> <span class='ocrx_word' id='word_1_134' title='bbox 473 2179 674 2246; x_wconf 91' lang='lat' dir='ltr'><strong>consulatum</strong></span> <span class='ocrx_word' id='word_1_135' title='bbox 697 2192 728 2245; x_wconf 93' lang='lat' dir='ltr'><strong>et</strong></span> <span class='ocrx_word' id='word_1_136' title='bbox 752 2202 918 2245; x_wconf 86' lang='lat' dir='ltr'><strong>censuram</strong></span> <span class='ocrx_word' id='word_1_137' title='bbox 940 2164 1075 2246; x_wconf 86' lang='lat' dir='ltr'><strong>tetendit</strong></span> <span class='ocrx_word' id='word_1_138' title='bbox 1096 2180 1317 2270; x_wconf 88' lang='lat' dir='ltr'><strong>principesque</strong></span> 
     </span>
     <span class='ocr_line' id='line_1_17' title="bbox 131 2300 1317 2393; baseline -0.003 -25"><span class='ocrx_word' id='word_1_139' title='bbox 131 2325 203 2369; x_wconf 90' lang='lat' dir='ltr'><strong>suos</strong></span> <span class='ocrx_word' id='word_1_140' title='bbox 235 2304 322 2368; x_wconf 93' lang='lat' dir='ltr'><strong>omni</strong></span> <span class='ocrx_word' id='word_1_141' title='bbox 352 2301 526 2393; x_wconf 83' lang='lat' dir='ltr'><strong>petulantie</strong></span> <span class='ocrx_word' id='word_1_142' title='bbox 558 2325 673 2392; x_wconf 76' lang='lat' dir='ltr'><strong>genere</strong></span> <span class='ocrx_word' id='word_1_143' title='bbox 704 2302 836 2367; x_wconf 81' lang='lat' dir='ltr'><strong>vexarit.</strong></span> <span class='ocrx_word' id='word_1_144' title='bbox 908 2305 968 2390; x_wconf 70' lang='lat'><strong>§2</strong></span> <span class='ocrx_word' id='word_1_145' title='bbox 1013 2300 1152 2390; x_wconf 90' lang='lat' dir='ltr'><strong>Populus</strong></span> <span class='ocrx_word' id='word_1_146' title='bbox 1174 2323 1317 2366; x_wconf 89' lang='lat' dir='ltr'><strong>romanus</strong></span> 
     </span>
     <span class='ocr_line' id='line_1_18' title="bbox 136 2421 1301 2513; baseline -0.005 -21"><span class='ocrx_word' id='word_1_147' title='bbox 136 2425 253 2492; x_wconf 82' lang='lat' dir='ltr'><strong>Gloss.</strong></span> <span class='ocrx_word' id='word_1_148' title='bbox 279 2427 488 2489; x_wconf 81' lang='lat' dir='ltr'><strong>recentioris</strong></span> <span class='ocrx_word' id='word_1_149' title='bbox 512 2446 635 2488; x_wconf 82' lang='lat' dir='ltr'><strong>manas</strong></span> <span class='ocrx_word' id='word_1_150' title='bbox 651 2427 772 2513; x_wconf 80' lang='lat' dir='ltr'><strong>priato</strong></span> <span class='ocrx_word' id='word_1_151' title='bbox 795 2423 852 2488; x_wconf 83' lang='lat' dir='ltr'><strong>la&#39;c</strong></span> <span class='ocrx_word' id='word_1_152' title='bbox 875 2423 1014 2486; x_wconf 80' lang='lat' dir='ltr'><strong>obviae:</strong></span> <span class='ocrx_word' id='word_1_153' title='bbox 1039 2421 1121 2488; x_wconf 89' lang='lat' dir='ltr'><strong>Gens</strong></span> <span class='ocrx_word' id='word_1_154' title='bbox 1145 2421 1301 2510; x_wconf 81' lang='grc' dir='ltr'><strong>1111111Ι</strong></span> 
     </span>
     <span class='ocr_line' id='line_1_19' title="bbox 131 2540 1316 2632; baseline -0.001 -22"><span class='ocrx_word' id='word_1_155' title='bbox 131 2543 298 2611; x_wconf 89' lang='lat' dir='ltr'><strong>Nunnium</strong></span> <span class='ocrx_word' id='word_1_156' title='bbox 354 2544 586 2608; x_wconf 67' lang='lat' dir='ltr'><strong>astumatum</strong></span> <span class='ocrx_word' id='word_1_157' title='bbox 606 2540 613 2632; x_wconf 99' lang='grc' dir='ltr'>Ι</span> <span class='ocrx_word' id='word_1_158' title='bbox 633 2542 771 2609; x_wconf 87' lang='lat' dir='ltr'><strong>daretur.</strong></span> <span class='ocrx_word' id='word_1_159' title='bbox 833 2543 915 2608; x_wconf 78' lang='lat' dir='ltr'><strong>Iter.</strong></span> <span class='ocrx_word' id='word_1_160' title='bbox 942 2566 1033 2608; x_wconf 84' lang='lat' dir='ltr'><strong>maa.</strong></span> <span class='ocrx_word' id='word_1_161' title='bbox 1048 2564 1059 2605; x_wconf 92' lang='lat'><strong>.·</strong></span> <span class='ocrx_word' id='word_1_162' title='bbox 1082 2541 1316 2609; x_wconf 89' lang='lat' dir='ltr'><strong>concederetur.</strong></span> 
     </span>
     <span class='ocr_line' id='line_1_20' title="bbox 130 2662 1300 2758; baseline -0.003 -27"><span class='ocrx_word' id='word_1_163' title='bbox 130 2670 148 2753; x_wconf 90' lang='lat'>§</span> <span class='ocrx_word' id='word_1_164' title='bbox 180 2671 199 2731; x_wconf 89' lang='grc'><strong>3</strong></span> <span class='ocrx_word' id='word_1_165' title='bbox 236 2665 276 2730; x_wconf 93' lang='lat' dir='ltr'><strong>ab</strong></span> <span class='ocrx_word' id='word_1_166' title='bbox 302 2665 377 2754; x_wconf 91' lang='lat' dir='ltr'><strong>ipsis</strong></span> <span class='ocrx_word' id='word_1_167' title='bbox 408 2664 467 2728; x_wconf 90' lang='lat' dir='ltr'><strong>aris</strong></span> <span class='ocrx_word' id='word_1_168' title='bbox 490 2664 598 2752; x_wconf 77' lang='lat' dir='ltr'><strong>lugere</strong></span> <span class='ocrx_word' id='word_1_169' title='bbox 623 2676 768 2730; x_wconf 89' lang='lat' dir='ltr'><strong>coactum</strong></span> <span class='ocrx_word' id='word_1_170' title='bbox 837 2664 897 2729; x_wconf 78' lang='lat' dir='ltr'><strong>Ea</strong></span> <span class='ocrx_word' id='word_1_171' title='bbox 931 2662 976 2727; x_wconf 91' lang='lat' dir='ltr'><strong>V.</strong></span> <span class='ocrx_word' id='word_1_172' title='bbox 1002 2663 1109 2744; x_wconf 70' lang='lat' dir='ltr'><strong>adai,</strong></span> <span class='ocrx_word' id='word_1_173' title='bbox 1136 2663 1265 2758; x_wconf 59' lang='lat' dir='ltr'><strong>biuga</strong></span> <span class='ocrx_word' id='word_1_174' title='bbox 1294 2663 1300 2752; x_wconf 98' lang='grc' dir='ltr'>Ι</span> 
     </span>
     <span class='ocr_line' id='line_1_21' title="bbox 130 2764 1315 2872; baseline 0.003 -26"><span class='ocrx_word' id='word_1_175' title='bbox 130 2782 297 2848; x_wconf 88' lang='lat' dir='ltr'><strong>tabernula</strong></span> <span class='ocrx_word' id='word_1_176' title='bbox 376 2764 545 2848; x_wconf 70' lang='lat' dir='ltr'><strong>tabernulai</strong></span> <span class='ocrx_word' id='word_1_177' title='bbox 584 2780 590 2871; x_wconf 98' lang='grc' dir='ltr'>Ι</span> <span class='ocrx_word' id='word_1_178' title='bbox 632 2784 765 2870; x_wconf 89' lang='lat' dir='ltr'><strong>petierat</strong></span> <span class='ocrx_word' id='word_1_179' title='bbox 847 2784 878 2848; x_wconf 93' lang='lat'><strong>1.</strong></span> <span class='ocrx_word' id='word_1_180' title='bbox 917 2793 1048 2872; x_wconf 81' lang='lat' dir='ltr'><strong>penerat</strong></span> <span class='ocrx_word' id='word_1_181' title='bbox 1091 2778 1097 2869; x_wconf 97' lang='grc' dir='ltr'>Ι</span> <span class='ocrx_word' id='word_1_182' title='bbox 1139 2781 1315 2849; x_wconf 86' lang='lat' dir='ltr'><strong>latitantem</strong></span> 
     </span>
     <span class='ocr_line' id='line_1_22' title="bbox 130 2900 1314 2991; baseline -0.003 -21"><span class='ocrx_word' id='word_1_183' title='bbox 130 2903 191 2970; x_wconf 78' lang='lat' dir='ltr'><strong>Ea</strong></span> <span class='ocrx_word' id='word_1_184' title='bbox 213 2903 258 2968; x_wconf 91' lang='lat' dir='ltr'><strong>V.</strong></span> <span class='ocrx_word' id='word_1_185' title='bbox 283 2902 367 2968; x_wconf 85' lang='lat' dir='ltr'><strong>add.</strong></span> <span class='ocrx_word' id='word_1_186' title='bbox 437 2908 498 2991; x_wconf 83' lang='lat'><strong>§5</strong></span> <span class='ocrx_word' id='word_1_187' title='bbox 535 2902 691 2968; x_wconf 91' lang='lat' dir='ltr'><strong>ambitiosi</strong></span> <span class='ocrx_word' id='word_1_188' title='bbox 763 2909 791 2968; x_wconf 92' lang='lat' dir='ltr'><strong>l.</strong></span> <span class='ocrx_word' id='word_1_189' title='bbox 818 2903 990 2968; x_wconf 87' lang='lat' dir='ltr'><strong>ambitiosis</strong></span> <span class='ocrx_word' id='word_1_190' title='bbox 1020 2900 1026 2991; x_wconf 98' lang='grc' dir='ltr'>Ι</span> <span class='ocrx_word' id='word_1_191' title='bbox 1060 2901 1219 2969; x_wconf 91' lang='lat' dir='ltr'><strong>illecebris</strong></span> <span class='ocrx_word' id='word_1_192' title='bbox 1288 2909 1314 2969; x_wconf 93' lang='lat' dir='ltr'><strong>l.</strong></span> 
     </span>
     <span class='ocr_line' id='line_1_23' title="bbox 128 3023 1315 3114; baseline 0 -26"><span class='ocrx_word' id='word_1_193' title='bbox 128 3023 274 3114; x_wconf 91' lang='lat' dir='ltr'><strong>precibus</strong></span> <span class='ocrx_word' id='word_1_194' title='bbox 305 3023 311 3112; x_wconf 97' lang='grc' dir='ltr'>Ι</span> <span class='ocrx_word' id='word_1_195' title='bbox 341 3035 571 3088; x_wconf 82' lang='lat' dir='ltr'><strong>mactaverunt.</strong></span> <span class='ocrx_word' id='word_1_196' title='bbox 645 3028 675 3087; x_wconf 95' lang='lat'><strong>1.</strong></span> <span class='ocrx_word' id='word_1_197' title='bbox 712 3036 936 3089; x_wconf 82' lang='lat' dir='ltr'><strong>mactaverant.</strong></span> <span class='ocrx_word' id='word_1_198' title='bbox 1008 3026 1069 3110; x_wconf 89' lang='grc' dir='ltr'>Ι6</span> <span class='ocrx_word' id='word_1_199' title='bbox 1116 3036 1173 3090; x_wconf 89' lang='lat' dir='ltr'><strong>est.</strong></span> <span class='ocrx_word' id='word_1_200' title='bbox 1248 3024 1315 3112; x_wconf 75' lang='lat' dir='ltr'><strong>(V.)</strong></span> 
     </span>
     <span class='ocr_line' id='line_1_24' title="bbox 129 3142 1314 3232; baseline 0.002 -24"><span class='ocrx_word' id='word_1_201' title='bbox 129 3156 318 3232; x_wconf 89' lang='lat' dir='ltr'><strong>tantumque</strong></span> <span class='ocrx_word' id='word_1_202' title='bbox 344 3142 444 3208; x_wconf 92' lang='lat' dir='ltr'><strong>scelus</strong></span> <span class='ocrx_word' id='word_1_203' title='bbox 472 3143 558 3208; x_wconf 89' lang='lat' dir='ltr'><strong>curia</strong></span> <span class='ocrx_word' id='word_1_204' title='bbox 578 3142 685 3209; x_wconf 84' lang='lat' dir='ltr'><strong>castris</strong></span> <span class='ocrx_word' id='word_1_205' title='bbox 705 3167 737 3208; x_wconf 91' lang='lat' dir='ltr'><strong>se</strong></span> <span class='ocrx_word' id='word_1_206' title='bbox 757 3143 868 3211; x_wconf 88' lang='lat' dir='ltr'><strong>cedere</strong></span> <span class='ocrx_word' id='word_1_207' title='bbox 888 3144 1028 3209; x_wconf 87' lang='lat' dir='ltr'><strong>confessa</strong></span> <span class='ocrx_word' id='word_1_208' title='bbox 1040 3143 1180 3208; x_wconf 90' lang='lat' dir='ltr'><strong>inultum</strong></span> <span class='ocrx_word' id='word_1_209' title='bbox 1191 3144 1314 3213; x_wconf 89' lang='lat' dir='ltr'><strong>habuit.</strong></span> 
     </span>
    </p>

    <p class='ocr_par' dir='ltr' id='par_1_6' title="bbox 175 3237 755 3354">
     <span class='ocr_line' id='line_1_25' title="bbox 175 3237 755 3354; baseline 0.002 -25"><span class='ocrx_word' id='word_1_210' title='bbox 175 3265 250 3354; x_wconf 85' lang='lat' dir='ltr'><strong>Cap.</strong></span> <span class='ocrx_word' id='word_1_211' title='bbox 276 3269 297 3331; x_wconf 87' lang='grc'><strong>8</strong></span> <span class='ocrx_word' id='word_1_212' title='bbox 321 3269 338 3352; x_wconf 98' lang='grc' dir='ltr'>Ι</span> <span class='ocrx_word' id='word_1_213' title='bbox 363 3267 383 3328; x_wconf 72' lang='grc'><strong>1</strong></span> <span class='ocrx_word' id='word_1_214' title='bbox 406 3264 512 3330; x_wconf 79' lang='lat' dir='ltr'><strong>servili</strong></span> <span class='ocrx_word' id='word_1_215' title='bbox 581 3270 611 3331; x_wconf 90' lang='lat'><strong>1.</strong></span> <span class='ocrx_word' id='word_1_216' title='bbox 637 3237 755 3331; x_wconf 85' lang='lat' dir='ltr'><strong>servilis</strong></span> 
     </span>
    </p>

    <p class='ocr_par' dir='ltr' id='par_1_7' title="bbox 129 3383 1316 3696">
     <span class='ocr_line' id='line_1_26' title="bbox 177 3383 1314 3475; baseline 0.001 -23"><span class='ocrx_word' id='word_1_217' title='bbox 177 3383 255 3475; x_wconf 84' lang='lat' dir='ltr'><strong>Gap.</strong></span> <span class='ocrx_word' id='word_1_218' title='bbox 290 3391 310 3453; x_wconf 87' lang='lat'>9</span> <span class='ocrx_word' id='word_1_219' title='bbox 342 3392 359 3475; x_wconf 86' lang='lat'><em>§</em></span> <span class='ocrx_word' id='word_1_220' title='bbox 393 3387 410 3451; x_wconf 92' lang='lat' dir='ltr'><strong>l</strong></span> <span class='ocrx_word' id='word_1_221' title='bbox 445 3385 591 3453; x_wconf 80' lang='lat' dir='ltr'><strong>Cornelio</strong></span> <span class='ocrx_word' id='word_1_222' title='bbox 624 3384 727 3454; x_wconf 80' lang='lat' dir='ltr'><strong>Cinna</strong></span> <span class='ocrx_word' id='word_1_223' title='bbox 798 3384 867 3474; x_wconf 89' lang='lat' dir='ltr'><strong>(V.)</strong></span> <span class='ocrx_word' id='word_1_224' title='bbox 892 3387 925 3452; x_wconf 91' lang='grc'><strong>11</strong></span> <span class='ocrx_word' id='word_1_225' title='bbox 949 3409 1045 3475; x_wconf 91' lang='lat' dir='ltr'><strong>quem</strong></span> <span class='ocrx_word' id='word_1_226' title='bbox 1069 3409 1100 3451; x_wconf 91' lang='lat' dir='ltr'><strong>se</strong></span> <span class='ocrx_word' id='word_1_227' title='bbox 1124 3388 1223 3453; x_wconf 83' lang='lat' dir='ltr'><strong>sevire</strong></span> <span class='ocrx_word' id='word_1_228' title='bbox 1247 3389 1314 3454; x_wconf 87' lang='lat' dir='ltr'><strong>esti-</strong></span> 
     </span>
     <span class='ocr_line' id='line_1_27' title="bbox 129 3505 1316 3597; baseline 0.001 -25"><span class='ocrx_word' id='word_1_229' title='bbox 129 3507 245 3573; x_wconf 91' lang='lat' dir='ltr'><strong>mabat.</strong></span> <span class='ocrx_word' id='word_1_230' title='bbox 316 3513 376 3597; x_wconf 71' lang='lat'><strong>§2</strong></span> <span class='ocrx_word' id='word_1_231' title='bbox 413 3509 522 3574; x_wconf 87' lang='lat' dir='ltr'><strong>Tineio</strong></span> <span class='ocrx_word' id='word_1_232' title='bbox 593 3511 623 3574; x_wconf 89' lang='lat'><strong>1.</strong></span> <span class='ocrx_word' id='word_1_233' title='bbox 649 3509 734 3574; x_wconf 89' lang='lat' dir='ltr'><strong>tineo</strong></span> <span class='ocrx_word' id='word_1_234' title='bbox 766 3505 772 3596; x_wconf 96' lang='grc' dir='ltr'>Ι</span> <span class='ocrx_word' id='word_1_235' title='bbox 805 3509 874 3597; x_wconf 92' lang='lat' dir='ltr'><strong>quis</strong></span> <span class='ocrx_word' id='word_1_236' title='bbox 945 3509 974 3571; x_wconf 88' lang='lat'><strong>1.</strong></span> <span class='ocrx_word' id='word_1_237' title='bbox 1000 3508 1055 3595; x_wconf 90' lang='lat' dir='ltr'><strong>qui</strong></span> <span class='ocrx_word' id='word_1_238' title='bbox 1123 3511 1184 3594; x_wconf 89' lang='grc' dir='ltr'>Ι3</span> <span class='ocrx_word' id='word_1_239' title='bbox 1216 3508 1316 3575; x_wconf 91' lang='lat' dir='ltr'><strong>occidi</strong></span> 
     </span>
     <span class='ocr_line' id='line_1_28' title="bbox 131 3628 308 3696; baseline 0 -3"><span class='ocrx_word' id='word_1_240' title='bbox 131 3632 161 3694; x_wconf 69' lang='lat' dir='ltr'><strong>V.</strong></span> <span class='ocrx_word' id='word_1_241' title='bbox 200 3628 308 3696; x_wconf 91' lang='lat' dir='ltr'><strong>occide</strong></span> 
     </span>
    </p>

    <p class='ocr_par' dir='ltr' id='par_1_8' title="bbox 118 3746 1312 4686">
     <span class='ocr_line' id='line_1_29' title="bbox 175 3746 1312 3839; baseline 0.001 -24"><span class='ocrx_word' id='word_1_242' title='bbox 175 3749 252 3839; x_wconf 85' lang='lat' dir='ltr'><strong>Gap.</strong></span> <span class='ocrx_word' id='word_1_243' title='bbox 279 3752 320 3815; x_wconf 93' lang='lat'><strong>10</strong></span> <span class='ocrx_word' id='word_1_244' title='bbox 345 3753 363 3835; x_wconf 86' lang='lat'>§</span> <span class='ocrx_word' id='word_1_245' title='bbox 390 3755 406 3814; x_wconf 88' lang='lat'>1</span> <span class='ocrx_word' id='word_1_246' title='bbox 430 3748 583 3815; x_wconf 89' lang='lat' dir='ltr'><strong>Veliterni</strong></span> <span class='ocrx_word' id='word_1_247' title='bbox 654 3751 684 3813; x_wconf 92' lang='lat'><strong>1.</strong></span> <span class='ocrx_word' id='word_1_248' title='bbox 710 3749 862 3814; x_wconf 77' lang='lat' dir='ltr'><strong>veleterni</strong></span> <span class='ocrx_word' id='word_1_249' title='bbox 892 3746 898 3838; x_wconf 95' lang='grc' dir='ltr'>Ι</span> <span class='ocrx_word' id='word_1_250' title='bbox 930 3749 994 3814; x_wconf 93' lang='lat' dir='ltr'><strong>sola</strong></span> <span class='ocrx_word' id='word_1_251' title='bbox 1017 3787 1062 3798; x_wconf 85' lang='lat'><em>-</em></span> <span class='ocrx_word' id='word_1_252' title='bbox 1084 3750 1312 3838; x_wconf 80' lang='lat' dir='ltr'><strong>magistratum.</strong></span> 
     </span>
     <span class='ocr_line' id='line_1_30' title="bbox 128 3869 1312 3960; baseline 0 -24"><span class='ocrx_word' id='word_1_253' title='bbox 128 3877 160 3936; x_wconf 93' lang='lat'><strong>1.</strong></span> <span class='ocrx_word' id='word_1_254' title='bbox 189 3871 286 3960; x_wconf 88' lang='lat' dir='ltr'><strong>pollia</strong></span> <span class='ocrx_word' id='word_1_255' title='bbox 318 3869 418 3934; x_wconf 90' lang='lat' dir='ltr'><strong>tribus</strong></span> <span class='ocrx_word' id='word_1_256' title='bbox 447 3870 591 3935; x_wconf 89' lang='lat' dir='ltr'><strong>fecerunt</strong></span> <span class='ocrx_word' id='word_1_257' title='bbox 621 3871 858 3958; x_wconf 80' lang='lat' dir='ltr'><strong>magistratum,</strong></span> <span class='ocrx_word' id='word_1_258' title='bbox 892 3872 923 3935; x_wconf 74' lang='grc'><strong>1.</strong></span> <span class='ocrx_word' id='word_1_259' title='bbox 954 3871 1088 3959; x_wconf 88' lang='lat' dir='ltr'><strong>polliae:</strong></span> <span class='ocrx_word' id='word_1_260' title='bbox 1121 3872 1246 3958; x_wconf 80' lang='lat' dir='ltr'><strong>quibas</strong></span> <span class='ocrx_word' id='word_1_261' title='bbox 1270 3874 1312 3936; x_wconf 83' lang='lat' dir='ltr'><strong>a·-</strong></span> 
     </span>
     <span class='ocr_line' id='line_1_31' title="bbox 127 3990 1311 4080; baseline 0.003 -24"><span class='ocrx_word' id='word_1_262' title='bbox 127 3993 228 4056; x_wconf 84' lang='lat' dir='ltr'><strong>ncola</strong></span> <span class='ocrx_word' id='word_1_263' title='bbox 263 3990 431 4055; x_wconf 79' lang='lat' dir='ltr'><strong>subducta</strong></span> <span class='ocrx_word' id='word_1_264' title='bbox 465 4013 508 4054; x_wconf 79' lang='lat' dir='ltr'><strong>ex</strong></span> <span class='ocrx_word' id='word_1_265' title='bbox 544 3990 591 4054; x_wconf 91' lang='lat' dir='ltr'><strong>V.</strong></span> <span class='ocrx_word' id='word_1_266' title='bbox 629 3990 734 4056; x_wconf 73' lang='lat' dir='ltr'><strong>ada:</strong></span> <span class='ocrx_word' id='word_1_267' title='bbox 768 3990 832 4056; x_wconf 87' lang='lat' dir='ltr'><strong>sola</strong></span> <span class='ocrx_word' id='word_1_268' title='bbox 863 3990 981 4080; x_wconf 87' lang='lat' dir='ltr'><strong>papilia</strong></span> <span class='ocrx_word' id='word_1_269' title='bbox 1012 3991 1112 4055; x_wconf 90' lang='lat' dir='ltr'><strong>tribus</strong></span> <span class='ocrx_word' id='word_1_270' title='bbox 1143 3990 1311 4070; x_wconf 82' lang='lat' dir='ltr'><strong>iudicarit,</strong></span> 
     </span>
     <span class='ocr_line' id='line_1_32' title="bbox 118 4110 1312 4202; baseline 0.002 -25"><span class='ocrx_word' id='word_1_271' title='bbox 118 4125 271 4202; x_wconf 88' lang='lat' dir='ltr'><strong>oportere</strong></span> <span class='ocrx_word' id='word_1_272' title='bbox 302 4135 355 4176; x_wconf 93' lang='lat' dir='ltr'><strong>eos</strong></span> <span class='ocrx_word' id='word_1_273' title='bbox 384 4110 511 4200; x_wconf 92' lang='lat' dir='ltr'><strong>publice</strong></span> <span class='ocrx_word' id='word_1_274' title='bbox 542 4111 720 4178; x_wconf 81' lang='lat' dir='ltr'><strong>verberatos</strong></span> <span class='ocrx_word' id='word_1_275' title='bbox 743 4112 845 4177; x_wconf 88' lang='lat' dir='ltr'><strong>securi</strong></span> <span class='ocrx_word' id='word_1_276' title='bbox 868 4112 1002 4201; x_wconf 90' lang='lat' dir='ltr'><strong>percuti.</strong></span> <span class='ocrx_word' id='word_1_277' title='bbox 1050 4111 1205 4176; x_wconf 89' lang='lat' dir='ltr'><strong>Inbellem</strong></span> <span class='ocrx_word' id='word_1_278' title='bbox 1229 4113 1312 4179; x_wconf 91' lang='lat' dir='ltr'><strong>mul-</strong></span> 
     </span>
     <span class='ocr_line' id='line_1_33' title="bbox 127 4215 1312 4321; baseline 0.001 -23"><span class='ocrx_word' id='word_1_279' title='bbox 127 4231 295 4299; x_wconf 88' lang='lat' dir='ltr'><strong>titudinem</strong></span> <span class='ocrx_word' id='word_1_280' title='bbox 325 4232 384 4297; x_wconf 94' lang='lat' dir='ltr'><strong>sub</strong></span> <span class='ocrx_word' id='word_1_281' title='bbox 416 4255 531 4304; x_wconf 85' lang='lat' dir='ltr'><strong>corona</strong></span> <span class='ocrx_word' id='word_1_282' title='bbox 563 4215 679 4298; x_wconf 68' lang='lat' dir='ltr'><strong>uenire.</strong></span> <span class='ocrx_word' id='word_1_283' title='bbox 731 4234 834 4318; x_wconf 80' lang='lat' dir='ltr'><strong>Quam</strong></span> <span class='ocrx_word' id='word_1_284' title='bbox 856 4233 897 4298; x_wconf 91' lang='lat' dir='ltr'><strong>ob</strong></span> <span class='ocrx_word' id='word_1_285' title='bbox 921 4255 1047 4298; x_wconf 90' lang='lat' dir='ltr'><strong>causam</strong></span> <span class='ocrx_word' id='word_1_286' title='bbox 1071 4232 1190 4321; x_wconf 92' lang='lat' dir='ltr'><strong>popilia</strong></span> <span class='ocrx_word' id='word_1_287' title='bbox 1213 4234 1312 4299; x_wconf 88' lang='lat' dir='ltr'><strong>tribus</strong></span> 
     </span>
     <span class='ocr_line' id='line_1_34' title="bbox 125 4353 1312 4443; baseline -0.002 -23"><span class='ocrx_word' id='word_1_288' title='bbox 125 4355 159 4420; x_wconf 93' lang='lat' dir='ltr'><strong>in</strong></span> <span class='ocrx_word' id='word_1_289' title='bbox 190 4375 253 4441; x_wconf 92' lang='lat' dir='ltr'><strong>qua</strong></span> <span class='ocrx_word' id='word_1_290' title='bbox 283 4353 456 4441; x_wconf 87' lang='lat' dir='ltr'><strong>plurimum</strong></span> <span class='ocrx_word' id='word_1_291' title='bbox 488 4367 594 4443; x_wconf 89' lang='lat' dir='ltr'><strong>postea</strong></span> <span class='ocrx_word' id='word_1_292' title='bbox 622 4355 780 4421; x_wconf 90' lang='lat' dir='ltr'><strong>tusculani</strong></span> <span class='ocrx_word' id='word_1_293' title='bbox 809 4355 842 4420; x_wconf 94' lang='lat' dir='ltr'><strong>in</strong></span> <span class='ocrx_word' id='word_1_294' title='bbox 866 4354 978 4419; x_wconf 89' lang='lat' dir='ltr'><strong>urbem</strong></span> <span class='ocrx_word' id='word_1_295' title='bbox 1001 4354 1120 4442; x_wconf 89' lang='lat' dir='ltr'><strong>recepti</strong></span> <span class='ocrx_word' id='word_1_296' title='bbox 1140 4365 1312 4442; x_wconf 89' lang='lat' dir='ltr'><strong>potuerunt</strong></span> 
     </span>
     <span class='ocr_line' id='line_1_35' title="bbox 124 4474 1311 4571; baseline 0 -30"><span class='ocrx_word' id='word_1_297' title='bbox 124 4474 285 4541; x_wconf 91' lang='lat' dir='ltr'><strong>neminem</strong></span> <span class='ocrx_word' id='word_1_298' title='bbox 315 4497 466 4563; x_wconf 88' lang='lat' dir='ltr'><strong>umquam</strong></span> <span class='ocrx_word' id='word_1_299' title='bbox 497 4475 593 4565; x_wconf 90' lang='lat' dir='ltr'><strong>pollie</strong></span> <span class='ocrx_word' id='word_1_300' title='bbox 625 4475 725 4541; x_wconf 90' lang='lat' dir='ltr'><strong>tribus</strong></span> <span class='ocrx_word' id='word_1_301' title='bbox 756 4475 831 4540; x_wconf 87' lang='lat' dir='ltr'><strong>fecit</strong></span> <span class='ocrx_word' id='word_1_302' title='bbox 854 4475 1072 4571; x_wconf 81' lang='lat' dir='ltr'><strong>magistratum</strong></span> <span class='ocrx_word' id='word_1_303' title='bbox 1097 4496 1136 4539; x_wconf 89' lang='lat' dir='ltr'><strong>ne</strong></span> <span class='ocrx_word' id='word_1_304' title='bbox 1162 4475 1202 4539; x_wconf 93' lang='lat' dir='ltr'><strong>ad</strong></span> <span class='ocrx_word' id='word_1_305' title='bbox 1225 4476 1311 4541; x_wconf 90' lang='lat' dir='ltr'><strong>illam</strong></span> 
     </span>
     <span class='ocr_line' id='line_1_36' title="bbox 123 4595 1308 4686; baseline 0.001 -26"><span class='ocrx_word' id='word_1_306' title='bbox 123 4596 207 4662; x_wconf 88' lang='lat' dir='ltr'><strong>ullus</strong></span> <span class='ocrx_word' id='word_1_307' title='bbox 237 4595 339 4662; x_wconf 92' lang='lat' dir='ltr'><strong>honor</strong></span> <span class='ocrx_word' id='word_1_308' title='bbox 370 4597 521 4685; x_wconf 76' lang='lat' dir='ltr'><strong>suffragiis</strong></span> <span class='ocrx_word' id='word_1_309' title='bbox 554 4597 731 4686; x_wconf 80' lang='lat' dir='ltr'><strong>perveniret</strong></span> <span class='ocrx_word' id='word_1_310' title='bbox 764 4619 844 4685; x_wconf 90' lang='lat' dir='ltr'><strong>quae</strong></span> <span class='ocrx_word' id='word_1_311' title='bbox 868 4596 930 4662; x_wconf 93' lang='lat' dir='ltr'><strong>illis</strong></span> <span class='ocrx_word' id='word_1_312' title='bbox 953 4596 1049 4662; x_wconf 81' lang='lat' dir='ltr'><strong>vitam</strong></span> <span class='ocrx_word' id='word_1_313' title='bbox 1073 4618 1109 4660; x_wconf 89' lang='lat' dir='ltr'><strong>ac</strong></span> <span class='ocrx_word' id='word_1_314' title='bbox 1133 4595 1308 4664; x_wconf 84' lang='lat' dir='ltr'><strong>libertatem</strong></span> 
     </span>
    </p>
   </div>
   <div class='ocr_carea' id='block_1_5' title="bbox 0 0 1448 5144">
    <p class='ocr_par' dir='ltr' id='par_1_9' title="bbox 0 0 1448 5144">
     <span class='ocr_line' id='line_1_37' title="bbox 0 0 1448 5144; baseline 0 4"><span class='ocrx_word' id='word_1_315' title='bbox 0 0 1448 5144; x_wconf 95' lang='lat' dir='ltr'><strong> </strong></span> 
     </span>
    </p>
   </div>
  </div>
 </body>
</html>
