2888 5144
593 325 854 372 annnoarroaas.
1255 306 1316 368 155

173 494 368 585 Recipienda
400 494 522 560 ridetur
545 492 605 558 hae
629 492 739 559 eadem
762 517 833 583 pag.
860 516 889 558 r.
917 495 959 560 29
983 493 1135 559 eorrectio
1160 490 1316 558 secundae

126 638 256 685 manus:
306 612 423 682 «Sales
452 615 548 680 etiam
579 615 613 678 in
644 613 780 680 dicendo
812 615 948 679 nimium
974 592 1145 702 'parantum
1168 613 1319 690 raleut,>›

128 736 245 803 lineola
269 734 417 801 subduxit
436 756 505 801 roc.
527 744 694 822 qnantum
715 733 941 824 adscripsitque
961 735 1056 823 qnid.
1081 772 1126 784 -
1149 734 1187 800 In
1206 756 1318 813 rersu,

128 856 185 946 qui
231 857 392 945 sequitur:
440 855 612 920 «hilaritas
646 854 900 920 benevolentiam
935 855 1102 934 conciliat,
1134 879 1192 946 per
1223 877 1320 944 qarem

127 978 263 1047 excitata
293 989 384 1055 est,>›
416 975 512 1042 codex
540 975 638 1041 habet
660 998 718 1064 pro
742 998 840 1064 quem
863 976 1002 1042 litteram
1025 1000 1047 1065 q
1069 999 1144 1042 eum
1168 999 1186 1040 e
1209 998 1320 1064 supra-

128 1099 244 1188 scripta
268 1110 300 1165 et
323 1097 439 1163 lineola
470 1095 589 1162 caudae
613 1087 813 1174 inhaerente
847 1119 912 1162 non
935 1097 1066 1164 offendit
1088 1097 1200 1175 lectio,
1225 1095 1319 1161 dum·

126 1218 223 1287 modo
245 1220 363 1284 inseras
386 1239 562 1307 pronomen
587 1220 621 1281 ei
643 1228 717 1282 ante
734 1239 806 1307 per
829 1239 925 1305 quem
950 1240 979 1282 e.
1005 1240 1034 1283 e.

174 1337 356 1405 Tumibid.
382 1361 412 1404 r.
443 1341 485 1403 42
508 1335 726 1403 rescribendus
747 1348 797 1402 est
815 1360 852 1402 ex
874 1335 982 1402 codiee
1002 1335 1133 1426 pluralis
1153 1359 1318 1403 numerus:

129 1459 208 1527 «Ut
230 1460 256 1525 is
280 1459 335 1547 qui
357 1456 484 1537 audiet,
510 1457 625 1547 cogitet
642 1459 730 1547 plus
753 1479 850 1546 quam
873 1456 1015 1523 rideat.»
1061 1457 1146 1545 Lege
1163 1458 1289 1547 plura.

175 1577 330 1647 Similiter
357 1578 489 1670 pluralis
520 1577 742 1667 compendiose
772 1577 889 1666 legitur
919 1579 1006 1642 duee
1035 1578 1069 1642 in
1100 1576 1208 1643 codice
1240 1575 1319 1666 (lap.⁴

128 1700 260 1779 XVIII,
290 1723 363 1790 pag.
394 1703 460 1764 250
486 1722 514 1764 r.
543 1702 597 1763 14.
648 1697 760 1784 «Quid
784 1699 809 1762 si
832 1698 916 1787 leges
939 1697 1029 1787 loqui
1051 1698 1189 1788 possint,
1215 1721 1321 1764 nonne

127 1823 191 1887 doe
213 1819 299 1910 apud
321 1842 374 1886 ros
399 1819 634 1908 querantur?>›

174 1942 273 2008 Recte
310 1939 446 2007 Orellius
480 1939 513 2004 in
548 1938 609 2005 hoc
643 1938 712 2004 loco
743 1939 854 2004 vitioso
878 1937 954 2005 ibid.
979 1962 1009 2004 v.
1036 1941 1098 2004 at:
1149 1940 1322 2005 «Primum

129 2063 273 2131 animum
297 2060 447 2127 auditoris
470 2061 581 2126 mitem
605 2071 636 2124 et
659 2059 894 2126 misericordem
917 2060 1073 2127 conficere
1092 2073 1235 2151 oportet,
1257 2083 1321 2149 quo

128 2185 319 2275 plerumque
339 2181 465 2248 facilius
485 2183 759 2269 conquestionem
779 2201 985 2246 commouere
998 2182 1138 2270 possit‚»
1158 2182 1322 2271 proposuit

129 2329 147 2375 e
180 2302 335 2373 Cicerone
368 2300 539 2368 rescribere
570 2303 812 2388 conquestione
842 2306 1045 2366 commoveri
1054 2325 1066 2379 ,·
1090 2303 1195 2367 notari
1218 2313 1322 2391 potest

131 2424 304 2492 ablativum
327 2424 391 2512 legi
413 2424 447 2487 in
471 2421 592 2488 codice.

175 2544 318 2612 Verbum
343 2544 447 2610 omisit
471 2541 572 2608 editor
596 2538 676 2631 Gap.
702 2541 799 2620 XIX,
823 2566 857 2631 p.
881 2544 943 2608 251
970 2565 1000 2608 r.
1025 2546 1077 2608 12.
1125 2543 1203 2611 «Ile
1216 2565 1322 2610 rerum

129 2689 203 2735 rere
237 2664 439 2755 dispositione
473 2687 531 2754 per
564 2661 688 2752 singula
723 2661 866 2728 membra
897 2664 1066 2743 orationis,
1098 2662 1131 2729 id
1164 2675 1218 2730 est
1248 2687 1322 2731 cum

130 2786 315 2877 prohoemio
338 2797 371 2851 et
393 2785 573 2850 narratione
593 2795 626 2850 et
649 2783 761 2849 ceteris
778 2782 931 2849 traditum
956 2785 1150 2874 accepisti.»-

175 2907 215 2974 In
246 2907 317 2973 loco
348 2905 387 2971 de
418 2905 596 2971 elocutione
630 2902 709 2994 (lap.
745 2902 825 2982 XX,
850 2904 898 2970 bis
921 2903 1026 2994 lapsus
1049 2917 1095 2970 est
1118 2905 1220 2972 Maius
1244 2907 1322 2983 scri,-

129 3027 226 3107 beus,
250 3051 285 3117 p.
312 3028 374 3092 251
400 3049 431 3092 r.
460 3028 519 3090 16:
568 3023 746 3091 «Elocutio
769 3037 802 3091 et
825 3025 938 3091 Latina
960 3025 1056 3092 debet
1080 3049 1145 3093 esse
1165 3039 1197 3093 et
1216 3036 1317 3117 apta.

129 3149 227 3240 Apta
252 3148 312 3213 erit
335 3146 453 3212 utendo
477 3145 675 3235 signantibus
698 3158 729 3212 et
751 3146 885 3235 propriis
910 3145 1012 3213 verbis
1035 3158 1067 3212 et
1087 3147 1228 3228 usitatis,
1253 3148 1321 3215 siue

131 3270 318 3360 ambiguo.»
359 3266 527 3333 >Librarius
551 3278 720 3356 utramque
743 3267 807 3332 sic:
833 3289 854 3340 rr
877 3267 1020 3357 scripsit,
1041 3269 1131 3358 atqui
1149 3268 1321 3360 legendum

131 3403 196 3460 estc
247 3389 422 3456 «Elocutio
453 3400 486 3455 et
515 3387 629 3454 Latina
651 3385 746 3452 debet
767 3410 835 3453 esse
858 3400 890 3453 et
912 3397 1053 3479 apertu.
1102 3389 1239 3479 Aperta
1262 3390 1322 3456 erit

132 3523 236 3592 cet.;»
270 3510 418 3576 convenit
448 3521 555 3574 autem
585 3507 647 3573 hoc
678 3529 752 3573 cum
783 3506 998 3592 Quinctiliano
1029 3509 1056 3574 I.
1084 3507 1132 3598 Ι0.
1159 3510 1249 3576 VIII.
1279 3513 1320 3589 l,

124 3635 320 3724 perspicua
343 3629 439 3696 rerba
460 3629 692 3719 praecipiente,
716 3640 749 3693 et
771 3650 846 3694 cum
870 3627 965 3695 duct.
989 3627 1029 3693 ad
1050 3628 1126 3697 Her.
1152 3630 1210 3697 lv.
1225 3633 1243 3715 §
1258 3633 1319 3710 tr,

132 3756 186 3844 qni
217 3752 430 3820 elocutionem
458 3751 618 3817 distribuit
648 3751 682 3815 in
705 3750 911 3817 Latinitatem
934 3764 966 3817 et
991 3750 1264 3841 explanationem,
1288 3763 1322 3816 et

131 3874 218 3941 addit
247 3873 456 3964 «explanatio
485 3885 551 3951 est,
583 3894 664 3961 quae
688 3870 790 3938 reddit
813 3881 974 3962 opertam
998 3884 1030 3938 et
1053 3871 1226 3938 dilucidam
1248 3896 1320 3937 ora-

132 3997 289 4062 tionem.»

176 4116 301 4183 Interiit
330 4137 393 4180 una
424 4115 528 4180 littera
559 4115 672 4179 omissa
701 4113 909 4202 praepositio,
942 4135 1024 4201 quae
1055 4113 1121 4178 sine
1151 4112 1249 4178 dubio
1274 4138 1320 4180 re·

134 4237 299 4304 scribenda
317 4250 364 4304 est
394 4259 468 4326 pag.
499 4239 564 4301 253
588 4259 618 4301 r.
644 4239 684 4300 9:
735 4234 834 4301 «Nec
857 4246 931 4300 vero
955 4232 1101 4299 adhunc
1124 4232 1321 4324 diligentiam

133 4359 302 4449 redigimus
344 4371 521 4436 oratorem,
564 4369 600 4423 ut
634 4356 668 4421 in
703 4368 860 4422 structura
895 4378 1018 4445 semper
1051 4355 1147 4456 pedes
1182 4358 1320 4448 singulos

1072 4459 1079 4486 l

135 4506 329 4594 conspiciet
360 4515 392 4567 et
418 4501 589 4569 collocet.»
632 4500 726 4566 Dedit
750 4500 835 4566 enim
857 4499 1002 4567 librarius
1033 4482 1245 4590 «celptclat»
1288 4502 1320 4568 id

135 4622 180 4675 est
203 4613 480 4699 circumspiciet.

1040 4728 1098 4782 17*
