2888 5144
505 336 534 382 c.
561 335 671 384 ramus
695 337 828 386 meror.
1226 322 1289 384 143

102 510 209 577 cimeu
237 504 308 572 ride
338 504 424 570 haud
452 506 663 595 spernendum
693 507 816 572 etiamsi
846 503 991 571 nonnihil
1014 505 1173 572 diversum
1196 530 1214 570 a
1237 529 1291 571 co-

101 630 193 708 dice,
216 629 251 694 in
275 625 412 693 editione
437 626 524 692 Maii.
574 624 786 693 Continentur
808 626 869 693 hoc
892 627 991 692 libro:

147 750 170 815 f.
194 750 304 814 1-12
325 769 356 812 r.
394 745 437 812 Μ.
464 745 651 835 Andragesti
671 746 767 812 Tullii
786 746 949 837 discipuli,
970 748 1034 813 imo
1054 747 1291 825 Fortunatiani,

103 881 142 935 ut
174 869 273 934 altera
304 855 416 933 manus
448 867 604 933 recentior
634 879 719 933 recte
748 866 884 946 addidit,
919 879 951 933 et
978 868 1132 933 librorum
1162 867 1189 931 V
1214 867 1292 932 suh·

102 989 289 1079 scriptiones
312 985 445 1052 docentt
476 986 514 1052 G.
538 985 674 1052 GRIRII
701 986 801 1076 [leget
825 985 928 1073 Curii]
947 988 1169 1054 Fortunatiaui
1191 987 1293 1054 Scho-

103 1112 166 1177 lica
190 1108 250 1175 Ars
274 1106 410 1174 consulti
435 1106 616 1173 Rhetorica.

149 1231 172 1297 f.
199 1232 241 1294 12
265 1252 296 1294 r.
320 1267 366 1278 -—
390 1232 431 1294 32
458 1227 517 1295 Ars
540 1228 710 1294 Rhetorica
733 1228 834 1295 Maior
856 1226 892 1295 C.
919 1229 992 1295 Iulii
1016 1228 1165 1296 Victoris.

153 1350 176 1416 f.
203 1352 259 1416 32.
307 1348 535 1437 Fragmentum
558 1347 597 1414 de
621 1349 779 1415 Positione
803 1348 989 1415 Stellarum.

151 1471 175 1537 f.
199 1473 242 1536 32
267 1491 297 1534 r.
346 1466 483 1535 Isidorus
506 1467 546 1535 de
569 1468 631 1533 vll
656 1467 811 1534 Gradihus
836 1468 1136 1559 consanguinitatis.

152 1589 235 1657 Ibid.
285 1589 477 1679 Excerptum
515 1613 552 1654 ex
588 1587 737 1656 Contror.
776 1588 915 1656 Senecae
949 1590 976 1657 1.
1012 1594 1054 1670 2,
1090 1589 1129 1656 de
1164 1590 1295 1679 Virgine

107 1723 200 1803 capta
224 1723 256 1776 et
280 1711 468 1801 prostituta,
494 1716 576 1799 quae
599 1712 678 1801 petit
701 1710 922 1777 sacerdotium.

156 1831 293 1917 Quinam
334 1830 430 1896 fuerit
471 1830 579 1896 rhetor
613 1844 739 1912 noster,
775 1831 955 1920 ignoramus
989 1829 1029 1896 ad
1064 1830 1151 1895 hunc
1195 1853 1297 1920 usque

107 1950 215 2030 diem,
247 1951 292 2016 ita
322 1963 357 2015 ut
384 1948 446 2016 hoc
477 1962 603 2016 tantum
633 1949 672 2017 de
704 1950 760 2016 illc
782 1963 920 2018 statuere
943 1951 1057 2029 liceat,
1081 1974 1155 2016 eum
1179 1950 1297 2016 bonam

106 2084 233 2162 partem
255 2070 418 2136 doctrinae
444 2093 518 2137 suae
541 2071 680 2137 hausisse
702 2094 739 2137 er
763 2071 974 2161 Hermagora,
1001 2068 1170 2149 Cicerone,
1197 2070 1299 2155 Quin·

106 2192 239 2271 tiliano,
273 2191 420 2280 Aquilio,
454 2191 679 2258 Marcomanno
710 2204 741 2258 et
777 2192 928 2272 Tatiauo,
954 2215 1089 2281 quorum
1112 2193 1241 2258 nomina
1265 2194 1298 2258 iu

109 2315 179 2404 ipso
212 2312 348 2378 Victoris
380 2312 464 2378 Artis
494 2313 588 2379 titulo
620 2312 799 2378 laudantur
847 2313 928 2379 Vide
958 2336 1040 2402 quae
1070 2313 1109 2379 de
1133 2313 1194 2378 hoc
1218 2314 1300 2378 libro

109 2434 237 2500 monuit
268 2433 369 2500 Maius
384 2404 432 2499 ‘in
461 2434 655 2524 praelatione
687 2433 787 2499 Partis
818 2432 886 2512 ΙΙΙ,
920 2432 1074 2499 llditionis
1099 2436 1143 2496 2·ο
1169 2433 1299 2500 Tomil

111 2552 317 2622 (iollectionis
351 2553 550 2645 Scriptorum
581 2554 745 2622 Veterum.
794 2553 886 2619 Hauc
918 2553 1087 2620 editionem
1120 2554 1298 2619 llomauam

111 2672 251 2743 0rellius
272 2675 398 2765 repetiit
422 2697 518 2763 quam
542 2675 774 2741 accuratissime
797 2676 831 2740 iu
854 2674 899 2742 Μ.
925 2675 1022 2741 Tullii
1039 2673 1199 2741 Ciceronis
1221 2673 1299 2740 Edi·

110 2796 199 2863 ticue
221 2816 278 2860 sua
300 2795 424 2883 priore,
448 2794 511 2861 vol.
538 2795 579 2874 V,
604 2795 636 2859 id
656 2807 702 2862 est
721 2795 1006 2864 interScholiastas
1028 2795 1206 2875 Tullianos,
1227 2817 1299 2884 pars

111 2916 140 2983 Ι.
162 2937 236 3006 pag.
265 2917 453 3001 let-267.
503 2914 594 3001 Quod
617 2939 675 2983 cur
696 2917 828 2998 fecerit,
852 2917 981 2984 difficile
1005 2915 1092 2983 dictu
1115 2929 1215 2996 esset,
1240 2910 1300 2984 nisl

111 3037 276 3129 duplicem
291 3036 386 3102 huius
408 3038 454 3102 rei
477 3059 604 3103 causam
627 3039 748 3106 scilicet
769 3041 836 3131 ipse
858 3039 1050 3130 protulisset:
1077 3040 1176 3128 «quia
1199 3059 1300 3128 perse

112 3159 191 3225 lacit
209 3156 318 3223 rhetor
337 3169 444 3223 noster
463 3156 502 3222 ad
519 3171 618 3223 totam
638 3159 732 3240 κρίσιν
753 3171 785 3224 et
806 3158 985 3225 Tullianam
1004 3171 1036 3226 et
1054 3157 1301 3244 Quintilianeam

114 3292 147 3347 ct
181 3278 257 3369 quia
292 3277 389 3344 semel
424 3277 527 3343 adhuc
562 3278 601 3343 ab
625 3276 759 3367 'Augelo
795 3278 878 3343 Maio
915 3278 1049 3365 (Romae
1086 3276 1185 3366 1823)
1222 3290 1302 3345 esset

114 3398 254 3466 editus.»
279 3398 441 3488 Quidquid
463 3412 524 3478 est,
549 3421 626 3464 cura
649 3397 760 3465 0rellii
781 3398 815 3463 in
838 3398 1013 3464 multorum
1035 3421 1148 3464 manus
1159 3399 1302 3488 pervenit

117 3518 254 3586 Victoris
295 3519 371 3598 Ars,
420 3521 509 3585 euius
547 3517 685 3584 editione
720 3518 768 3583 uti
801 3517 922 3598 malui,
958 3531 1126 3613 postquam
1161 3532 1302 3609 repertus

117 3662 187 3706 sum
222 3638 300 3704 duas
322 3640 467 3705 exsistere
490 3638 642 3706 editiones
663 3639 841 3718 Romanas,
867 3662 1002 3728 quarum
1024 3641 1152 3729 utrique
1175 3639 1303 3707 chartae

116 3761 219 3828 forma
235 3774 283 3828 est
304 3763 339 3828 in
362 3773 494 3851 quarto,
519 3760 596 3826 dum
619 3774 720 3827 textus
732 3761 835 3852 primo
848 3761 881 3826 iu
894 3774 1004 3827 octavo
1027 3761 1113 3851 typis
1136 3759 1304 3826 mandatus

116 3882 199 3963 fuit,
232 3882 272 3947 ad
303 3881 387 3972 quod
416 3882 594 3972 exemplum
625 3885 690 3972 ipse
721 3884 754 3948 iu
782 3881 979 3948 Bibliotheca
1004 3881 1156 3947 Vaticana
1181 3881 1304 3948 confeci

118 4004 343 4083 collationem,
360 4018 467 4094 postea
492 4027 564 4071 vero
586 4004 689 4070 denuo
712 4004 814 4070 editus
833 4017 935 4070 textus
947 4000 986 4067 ad
998 4002 1132 4068 formam
1144 4001 1178 4066 in
1191 4015 1303 4091 quarto
1381 4094 1384 4099 Ι

118 4126 307 4192 constitutus
335 4137 394 4206 est3
429 4127 593 4214 utriusque
622 4125 766 4191 editionis
789 4125 918 4215 paginas
941 4120 1082 4188 laudatas
1105 4122 1247 4191 invenies
1270 4125 1303 4193 in

121 4244 297 4314 Collatione
318 4259 387 4335 post
410 4246 494 4312 locos
518 4246 578 4311 hac
602 4269 672 4313 mea
697 4269 791 4336 opera
815 4258 949 4311 sanatos.

163 4488 299 4578 inipso
323 4488 487 4554 Prodemio
509 4509 582 4577 pag.
610 4489 674 4551 196
694 4510 724 4551 r.
751 4492 770 4551 5
795 4484 947 4552 ridiculus
970 4509 1057 4553 error
1079 4499 1197 4566 exstat,
1222 4486 1304 4551 iuci-

120 4612 166 4701 pit
198 4623 309 4679 auctor
339 4610 378 4677 de
408 4632 496 4676 more
524 4633 541 4674 a
573 4607 757 4676 definitione
788 4609 886 4676 etsie
910 4611 1040 4679 oratoris
1063 4609 1203 4676 officium
1227 4605 1303 4677 dicit
