2888 5144
601 321 710 368 iunius
733 319 838 365 arms.
1250 301 1312 362 185

126 502 237 557 contra
273 512 365 555 usum
398 490 519 556 librarii
553 489 673 556 dederit
704 512 828 555 vexere
858 511 916 579 pro
947 488 1063 554 codicis
1086 511 1207 567 vexer,
1236 510 1312 553 nam

127 612 229 677 forma
264 611 298 675 in
329 621 392 674 unt
424 624 568 677 constans
594 611 642 675 illi
666 624 731 689 est,
757 623 852 699 atque
870 610 985 700 passim
1008 610 1091 676 hanc
1120 610 1160 675 ob
1185 632 1311 675 causam

127 731 320 820 reponenda.
370 729 484 798 Carere
515 754 679 822 possumus
710 731 852 796 locorum
879 732 1062 810 notatione,
1087 730 1143 796 ubi
1165 731 1311 795 librarius

125 853 159 916 in
179 850 359 918 nominibus
382 852 516 941 propriis
539 852 666 916 miscuit
686 874 728 915 ae
751 864 783 916 et
806 874 843 931 e,
868 865 978 917 contra
997 853 1193 940 analogiam,
1216 874 1312 939 quam

125 973 228 1039 Maius
261 984 346 1037 recte
374 973 408 1037 in
431 972 479 1037 his
504 984 628 1038 secutus
651 984 698 1038 est
721 984 753 1038 et
775 973 809 1037 in
832 973 913 1049 aliis,
937 972 993 1038 ubi
1015 972 1143 1037 librario
1166 971 1311 1062 placebat

126 1105 308 1160 constanter
319 1097 528 1158 cerimoniae
540 1107 571 1159 et
583 1115 667 1158 oeno
680 1093 826 1172 scrihere.
864 1092 967 1159 Simili
977 1093 1072 1157 modo
1088 1093 1204 1158 sufficit
1214 1093 1310 1158 verbo

126 1227 250 1280 certum
279 1237 371 1279 usum
402 1228 541 1293 notasse,
575 1237 612 1279 er
644 1237 707 1302 quo
739 1214 859 1305 ubique
885 1215 950 1280 fere
971 1238 1002 1304 p
1032 1215 1242 1304 suprascripta
1265 1226 1311 1279 est

126 1335 250 1401 litterae
285 1334 303 1396 b
332 1333 366 1398 in
399 1334 499 1400 verbis
537 1335 683 1413 scribsi,
720 1335 906 1412 scribtum,
932 1334 1084 1413 labsum,
1109 1336 1234 1413 nubta,
1260 1357 1310 1399 eo-

126 1478 262 1545 rumque
294 1456 472 1544 compositis
504 1455 592 1520 etin
615 1455 683 1521 aliis
705 1477 779 1521 oum
801 1457 1033 1546 praepositione
1056 1456 1094 1519 ob
1117 1456 1329 1534 coniunctis3'

126 1575 227 1642 editor
258 1587 346 1664 grata
376 1576 587 1642 inconstantia
610 1577 775 1665 utriusque
797 1576 916 1642 formae
940 1577 1026 1643 dedit
1049 1575 1202 1667 exempla.
1251 1574 1310 1641 Se-

127 1696 249 1762 oundae
269 1697 379 1761 manui
397 1697 518 1785 placuit
533 1698 801 1786 praepositionum
825 1698 906 1776 sud,
925 1697 976 1762 ad
984 1746 993 1778 ,
1015 1721 1093 1775 con,
1115 1700 1153 1762 in
1172 1696 1310 1761 litteram

125 1819 255 1883 finalem
286 1830 406 1884 vertere
429 1819 463 1884 in
486 1842 555 1884 eam
579 1842 642 1908 qua
665 1819 777 1908 incipit
799 1818 932 1885 verbum
955 1819 1104 1908 simplex,
1129 1818 1213 1884 unde
1235 1817 1310 1883 lecit

127 1962 222 2017 suo,
243 1962 320 2016 oo-,
342 1938 412 2024 af·,
431 1963 510 2028 ag·,
531 1941 585 2004 al·
597 1988 606 2018 ,
627 1963 691 2030 ap·
703 1989 712 2018 ,
733 1947 810 2018 at·,
831 1941 912 2018 eol-,
933 1962 1021 2017 cor·,
1043 1940 1108 2017 it,
1130 1942 1201 2017 ir-;
1224 1937 1310 2026 quod

126 2060 221 2126 verbo
252 2059 410 2124 monuisse
437 2071 594 2148 praestat,
627 2081 724 2147 quam
754 2060 931 2148 promiscue
962 2071 1129 2146 utramque
1153 2059 1309 2148 composi·

125 2181 245 2247 tionem
276 2179 452 2265 exhibere,
474 2191 510 2243 ut
538 2180 639 2246 Maius
669 2180 755 2246 fecit.
782 2179 925 2249 ‚Eadem
955 2181 1076 2246 ratione
1099 2179 1240 2246 ridemus
1264 2203 1309 2246 se·

126 2300 264 2368 cundam
293 2322 424 2364 manum
455 2301 570 2388 passim
602 2301 811 2388 corrigentem
841 2325 874 2364 m
895 2324 953 2389 pro
977 2325 1000 2365 n
1021 2302 1056 2366 in
1078 2301 1309 2390 praepositione

126 2427 164 2486 in
191 2433 224 2487 et
250 2442 311 2484 con
339 2431 411 2484 ante
435 2443 465 2508 p
496 2418 547 2484 vel
575 2420 613 2498 b,
645 2419 701 2485 uhi
733 2421 833 2485 Maius
864 2443 986 2509 semper
1016 2445 1047 2484 m
1078 2420 1176 2486 dedit.
1226 2420 1307 2485 Tum

125 2542 222 2608 hahet
251 2539 347 2606 codex
379 2562 552 2628 umquam,
581 2553 613 2606 et
648 2543 815 2608 accusativi
846 2542 946 2607 forma
981 2543 1014 2607 in
1038 2565 1061 2606 n
1081 2553 1153 2607 ante
1177 2541 1252 2604 dem
1276 2552 1308 2606 et

127 2664 218 2728 dam.
267 2661 335 2726 Nec
370 2660 532 2726 lucramur
564 2663 725 2730 notatione
760 2663 945 2742 verborum,
984 2663 1017 2728 in
1053 2663 1167 2751 quibus
1198 2673 1307 2727 contra

126 2782 349 2871 etymologiam
371 2782 514 2869 peccarit
537 2805 618 2852 unus
641 2796 673 2850 et
695 2784 775 2851 alter
797 2785 935 2851 litteram
958 2785 980 2848 t
1000 2783 1173 2849 omittendo
1193 2782 1307 2847 adscri-

126 2904 282 2982 bendove3
316 2901 443 2990 linguae
475 2903 614 2970 Graecae
640 2907 741 2970 maior
763 2917 809 2971 est
832 2888 1000 2970 auctoritas
1022 2904 1056 2969 in
1078 2903 1127 2969 his
1152 2925 1247 2991 quarn
1270 2901 1307 2967 li·

126 3023 223 3089 brarii
245 3021 492 3110 exceptionibus.
537 3023 626 3089 Idem
650 3024 771 3091 dictum
790 3026 885 3093 velim
908 3025 946 3092 de
970 3029 985 3089 i
1006 3037 1038 3092 et
1059 3048 1101 3111 y,
1127 3047 1204 3113 quos
1223 3045 1308 3089 erro·

127 3167 175 3210 res
198 3155 321 3208 notasse
344 3165 408 3206 non
433 3155 533 3210 vacat.
582 3145 678 3212 Porro
706 3147 808 3213 Maius
833 3171 906 3212 usus
933 3159 979 3213 est
1008 3170 1025 3211 c
1048 3146 1082 3211 in
1109 3145 1210 3211 verbis
1232 3167 1308 3211 cum

128 3267 294 3329 nuntiare
325 3262 524 3352 compositis,
558 3288 638 3354 quae
669 3266 814 3333 librarius
837 3290 893 3357 per
918 3276 933 3331 t
955 3267 1055 3348 dedit,
1081 3266 1218 3355 denique
1238 3289 1308 3333 cor·

114 3398 229 3458 ‚rector
252 3384 360 3474 paucis
384 3382 573 3472 quibusdam
597 3385 673 3451 loeis
696 3387 846 3476 expunxit
869 3411 886 3451 s
908 3401 978 3476 post
1001 3388 1139 3454 litteram
1161 3409 1199 3454 x.
