2888 5144
155 304 197 366 24
538 319 655 367 cresso
679 319 722 366 nr
745 319 788 365 aa
812 319 966 368 ausuras.

157 486 317 576 quoddam
351 488 417 555 istis
451 488 563 555 litteris
597 489 678 555 inest
711 501 839 579 praeter
871 512 1070 570 mensuram,
1112 504 1181 557 turn
1215 492 1347 558 initialis

155 607 231 686 illa,
265 626 360 698 quam
391 609 462 675 vide
493 609 576 699 apud
609 609 811 690 silvestrem,
844 610 940 676 rubra
971 625 1003 677 et
1033 610 1139 677 viridis
1166 612 1346 701 elegantius

157 726 300 818 depicta,
326 726 429 796 0rosii
451 729 657 796 Laurentiani
680 730 852 818 initiales¹)
874 730 993 796 saeculi
1012 731 1137 820 septimi
1154 730 1234 795 mihi
1245 732 1346 797 inrito

158 861 285 916 reuocat
319 849 353 915 in
386 851 592 929 memoriam,
621 874 683 917 nec
714 864 787 917 ante
814 864 937 917 sertum
968 853 1083 941 scripta
1106 875 1172 917 esse
1195 850 1347 932 ridetur,

157 969 214 1038 sed
236 971 271 1035 in
293 967 377 1034 hanc
401 970 618 1058 quaestionem
638 971 816 1037 accuratius
840 971 1067 1060 inquirendum
1091 984 1150 1038 est,
1199 971 1347 1061 Denique

156 1091 192 1156 in
225 1089 274 1155 his
309 1088 470 1155 codicibus
503 1114 560 1180 per
594 1091 745 1170 tertium,
772 1105 939 1181 quartum,
973 1093 1160 1182 quintumve
1183 1092 1348 1158 saeculum

155 1210 387 1300 distinguendis
416 1233 481 1276 non
509 1223 601 1278 vacat
631 1211 818 1291 subsistere,
848 1224 895 1278 est
926 1214 1068 1302 quaestio
1084 1183 1290 1293 intricatior,
1315 1226 1349 1279 at

158 1332 193 1399 in
227 1342 348 1397 textum
375 1332 575 1422 recipiendae
603 1345 705 1400 esseut
735 1333 914 1400 litterarum
944 1334 1018 1400 illac
1047 1334 1187 1413 formae,
1220 1346 1256 1401 ut
1287 1334 1349 1401 rite

158 1450 330 1543 disputatio
360 1451 560 1543 procederet;
591 1453 682 1541 atqui
713 1466 898 1543 argumenta
925 1453 1005 1520 mihi
1029 1448 1188 1521 reservans
1212 1454 1349 1520 sufficiat

160 1596 265 1641 meam
296 1572 553 1663 qualemcunque
575 1572 742 1662 protulisse
765 1575 963 1655 sententiam.
1014 1575 1164 1665 Virgilius
1187 1574 1348 1642 Mediceus

158 1695 229 1761 iure
259 1693 318 1759 sibi
343 1693 558 1782 principatum
580 1693 742 1781 postulans
766 1695 892 1760 saeculo
916 1707 1029 1784 quarto
1053 1697 1187 1786 scriptus
1210 1719 1277 1762 csse
1299 1696 1348 1762 ri·

159 1814 264 1882 detur.
312 1813 456 1881 Mediceo
487 1813 619 1903 Virgilio
646 1813 873 1904 aliquantisper
907 1816 1063 1881 recentior
1098 1829 1144 1882 est
1176 1816 1349 1882 Vaticanus

159 1935 216 2002 ille
247 1934 303 2001 N⁰.
338 1936 447 2012 3225,
478 1932 554 2001 silv.
587 1933 653 2001 tab.
683 1938 768 2014 165,
794 1958 889 2023 quem
914 1936 1067 2002 Mabillon
1092 1936 1209 2026 aliique
1235 1949 1347 2027 quarto

162 2056 287 2122 saeculo
310 2055 475 2132 tribuunt,
500 2067 532 2122 et
550 2067 635 2121 recte
652 2055 862 2145 antiquissimi
879 2055 953 2121 libri
972 2057 1076 2147 imago
1095 2057 1205 2124 haberi
1224 2070 1347 2148 potest,

163 2189 199 2243 ut
229 2175 345 2242 docent
372 2175 526 2265 picturae.
574 2175 659 2242 Huic
689 2176 783 2242 facile
806 2199 956 2243 coaevum
979 2180 1139 2267 posuerim
1163 2176 1349 2245 Sallustium
1405 2158 1408 2163 ¹

163 2297 356 2362 Vaticanum
374 2294 571 2363 venerandae
591 2297 788 2386 antiquitatis
810 2309 939 2387 propter
952 2317 972 2362 a
985 2310 1016 2363 et
1029 2317 1068 2378 ι,
1093 2298 1153 2363 nisi
1165 2298 1245 2366 forte
1255 2298 1348 2366 illum

163 2431 267 2488 aetate
300 2429 439 2506 superet;
475 2414 560 2506 quod
594 2417 620 2482 si
653 2429 738 2483 recte
770 2418 895 2497 fecero,
927 2416 1012 2484 idem
1043 2418 1163 2484 feratur
1194 2418 1349 2486 iudicium

162 2552 291 2632 propter
313 2540 486 2628 scripturae
509 2561 607 2627 genus
627 2539 770 2605 universe
789 2538 891 2605 simile
912 2538 965 2606 sed
984 2539 1147 2605 recentius
1162 2539 1201 2606 de
1218 2540 1349 2606 Lucano

162 2663 364 2754 palimpsesto
396 2660 539 2726 Palatino
570 2659 628 2726 Nl.
662 2664 725 2739 24,
751 2683 890 2749 quocum
911 2662 1038 2726 tenuius
1062 2661 1184 2727 etiamsi
1206 2674 1349 2728 exaratus

155 2783 321 2873 conspirat
343 2781 507 2848 Terentius
527 2774 699 2847 Vaticanus
719 2780 776 2846 N0.
802 2783 908 2859 3226,
933 2780 1015 2846 vide:
1042 2800 1074 2860 r,
1100 2802 1133 2861 e,
1158 2781 1180 2847 lr
1205 2783 1345 2850 sicfere:

163 2905 187 2970 lc
209 2904 346 2994 pictam,
370 2920 402 2980 1.,
428 2913 506 2982 cet.;
522 2901 633 2989 quinto
646 2900 791 2979 saeculo,
805 2901 839 2965 ni
850 2899 954 2980 fallor,
968 2900 1116 2990 descripti
1128 2915 1201 2967 sunt
1212 2903 1247 2968 hi
1258 2904 1345 2985 libri;

162 3024 301 3113 denique
333 3022 439 3089 Livius
470 3021 631 3089 Palatinus
661 3022 778 3111 partim
807 3021 966 3111 conspirat
988 3044 1062 3087 cum
1087 3021 1233 3089 Terentio
1257 3023 1350 3090 Vati·

164 3168 264 3224 cano,
297 3143 367 3210 ride
396 3142 532 3209 litterae:
566 3165 589 3206 u
611 3141 695 3209 hanc
718 3142 864 3207 formam:
892 3154 966 3209 vet
988 3142 1127 3209 litteram
1149 3165 1170 3231 9
1193 3168 1258 3211 non
1282 3147 1349 3214 sine

155 3266 284 3346 cauda,
304 3266 421 3356 partim
445 3287 518 3333 cum
536 3263 668 3354 Virgilio
688 3263 851 3343 Mediceo,
875 3262 946 3330 ride
968 3264 1126 3355 longiores
1148 3286 1167 3332 a
1190 3278 1222 3332 et
1235 3285 1274 3347 a,
1297 3268 1350 3334 cui

162 3391 272 3478 itaque
305 3386 423 3453 saeculi
453 3386 558 3475 quarti
588 3385 660 3451 finis
696 3408 735 3450 an
771 3386 930 3475 sequentis
962 3387 1090 3452 initium
1123 3388 1287 3478 proprimn
1310 3389 1350 3455 sit

69 3595 74 3605 Ι
162 3510 279 3577 dubius
307 3531 365 3598 ego
396 3507 525 3597 quidem
555 3530 620 3572 nou
649 3508 832 3596 pronuntio.
882 3505 1034 3596 Sequitur
1064 3511 1218 3575 rusticum
1248 3529 1349 3599 genus

159 3631 316 3705 excultius
338 3630 372 3695 in
395 3628 567 3696 Prudentia
584 3628 752 3707 Parisino,
778 3628 831 3693 cui
849 3639 979 3716 propter
992 3631 1176 3695 correctoris
1188 3630 1349 3720 subscrip-

162 3754 303 3830 tionem,
340 3749 450 3815 consul
485 3749 540 3839 qui
571 3748 631 3814 fuit
663 3752 749 3826 527,
774 3748 900 3812 initium
924 3749 1042 3815 saeculi
1065 3751 1141 3816 sexti
1165 3751 1350 3818 conceditur

163 3873 204 3941 ab
234 3896 291 3951 eo,
326 3871 382 3960 qui
405 3867 616 3938 bibliothecae
640 3867 819 3957 catalogum
844 3868 1047 3958 conscripsit,
1075 3881 1215 3937 attamen
1239 3894 1257 3937 a
1280 3872 1350 3938 Ma·

162 3993 280 4071 billon,
313 4014 408 4081 quem
440 3989 583 4078 sequitur
621 3987 660 4053 de
695 3987 818 4075 Wailly
850 3988 889 4052 ad
912 3988 978 4054 tab.
1003 3988 1047 4055 ΙΙ.
1077 3993 1118 4070 1,
1144 4005 1256 4081 quarto
1279 4015 1349 4058 sae-

164 4113 236 4181 culo
271 4112 324 4177 hic
353 4110 434 4176 liber
467 4108 637 4200 tribuitur,
670 4131 730 4175 nec
757 4132 941 4198 persuasum
966 4109 1046 4176 milri
1068 4122 1115 4178 est
1138 4110 1348 4180 ducentorum

163 4254 320 4302 annorum
365 4228 533 4296 discrimen
572 4229 768 4296 intercedere
802 4230 885 4296 inter
919 4229 1014 4297 huius
1050 4232 1122 4297 libri
1157 4244 1189 4299 et
1224 4233 1349 4324 Virgilii

163 4351 310 4421 Vaticani
341 4361 495 4428 aetatem,
527 4351 570 4415 ita
599 4362 635 4415 ut
665 4350 756 4416 nobis
787 4371 947 4417 sumamus
971 4364 1146 4418 correctum
1170 4377 1235 4421 esse
1260 4353 1348 4424 codi-

168 4523 303 4548 ..μ-ι·-

201 4621 225 4686 1)
252 4621 319 4690 Vide
335 4620 401 4684 apud
419 4620 543 4671 Matrillon
559 4621 587 4673 iu
605 4623 653 4678 tab.
672 4637 699 4673 rr
719 4621 793 4673 huius
810 4623 902 4674 codicis
920 4620 1076 4684 scripturam.
