2888 5144
136 310 178 373 32
511 323 630 372 616166
655 325 697 371 61
722 324 764 370 61
789 325 942 374 renasca.

178 493 262 563 thid.
316 489 499 559 Consiliis.
550 490 699 559 Gorrecta
733 506 780 559 est
812 496 933 584 primae
963 517 1077 561 manus
1109 511 1241 564 66116616
1272 519 1320 564 su·

132 613 356 705 perscribenda
385 633 418 680 11,
445 612 566 679 deletae
596 612 720 679 litterae
744 636 785 692 u,
819 614 904 680 unde
931 616 1075 704 sequitur
1097 615 1264 684 librarium
1286 620 1319 685 ia

132 735 241 803 codice
270 758 365 825 quem
394 732 637 802 describendum
662 734 723 802 sibi
751 748 924 815 sumserat,
957 735 1043 802 haud
1073 738 1118 803 ita
1148 739 1320 806 166161116-

130 857 258 924 tinxisse
279 855 336 922 has
358 854 497 935 litteras,
526 854 611 922 idem
635 857 721 922 enim
737 855 845 922 locum
866 856 979 923 habuit
1004 860 1021 943 §
1045 861 1087 924 67
1112 858 1207 924 huius
1225 859 1318 940 libri,

130 977 187 1044 ubi
213 999 271 1067 prc
302 999 369 1043 voc.
395 987 600 1042 6666116616
623 976 747 1066 scripsit
772 977 957 1045 emendator
981 997 1109 1059 trasna,
1135 991 1167 1045 et
1188 978 1264 1046 libri
1287 980 1320 1047 Il

130 1101 150 1185 ς
185 1102 249 1178 31,
283 1097 339 1164 ubi
369 1115 485 1198 111116
515 1107 764 1164 correctumest
788 1098 984 1166 1111611111.
1033 1100 1146 1189 Itaque
1170 1100 1318 1168 11116161

129 1231 248 1287 ceteras
278 1241 427 1287 mensura
453 1239 517 1285 non
551 1216 720 1307 superabat
740 1217 775 1282 in
797 1218 927 1298 codice,
959 1242 1055 1309 quem
1081 1219 1184 1310 prima
1206 1243 1318 1287 manus

129 1350 202 1406 ante
230 1338 337 1404 oculos
369 1336 495 1417 habuit3
518 1335 603 1403 idem
627 1336 792 1405 observare
815 1338 890 1404 licet
912 1339 947 1405 in
971 1338 1121 1406 Sallustio
1142 1340 1317 1420 Vaticano,

127 1462 160 1527 in
187 1460 333 1528 Terentio
358 1458 513 1524 Vaticano
538 1457 595 1525 ΝΟ.
625 1461 713 1525 3226
743 1471 775 1525 61
800 1459 930 1527 Lucano
954 1460 1099 1526 Palatino
1127 1460 1184 1526 N⁰.
1212 1464 1270 1543 24;
1293 1462 1318 1527 si

126 1583 190 1648 iam
217 1581 256 1648 dc
284 1579 400 1646 codicis
432 1578 596 1668 archetypi
624 1579 779 1670 scriptura
813 1582 1029 1648 coniecturam
1058 1581 1174 1661 iacies,
1199 1583 1318 1648 maius·

126 1703 205 1769 culis
235 1725 309 1769 eum
344 1711 506 1768 exaratum
540 1700 635 1767 luisse
667 1712 806 1781 statuas,
835 1714 871 1768 ut
900 1714 964 1769 tres
987 1702 1054 1782 illi,
1085 1702 1141 1791 qui
1163 1701 1241 1769 item
1263 1725 1317 1769 eo·

124 1822 229 1890 dicem
251 1821 418 1913 politicum
442 1831 544 1886 aetate
568 1832 732 1910 superant,
760 1822 802 1887 cf.
828 1821 911 1888 infra
934 1821 974 1888 ad
998 1824 1018 1908 §
1044 1824 1096 1888 11.

170 2062 230 2129 111.
258 2064 276 2147 §
302 2065 334 2127 4.
383 2059 502 2148 Neque
522 2060 630 2126 solum
648 2063 686 2125 in
708 2065 822 2128 tantis
840 2061 952 2129 rebus.
991 2079 1079 2129 «111
1096 2075 1167 2154 post
1187 2085 1315 2151 neque,

124 2184 239 2250 deinde
260 2193 474 2272 expunctum,
503 2204 587 2270 quae
610 2181 671 2247 fuit
690 2182 873 2258 metathesis
895 2188 949 2251 τοῦ
970 2187 1063 2250 ita.»
1088 2184 1201 2251 Maius.
1229 2181 1315 2250 Gon·

124 2306 264 2372 iacturae
297 2301 468 2370 doctissimi
493 2299 621 2368 editoris
645 2301 740 2367 aliam
765 2301 860 2369 liceat
885 2325 1044 2394 opponere
1069 2303 1315 2395 probabiliorem

125 2427 250 2517 opinor;
284 2423 415 2491 offendit
446 2422 526 2489 illud
562 2427 634 2504 ito,
671 2422 756 2514 quod
780 2447 844 2490 non
869 2426 936 2492 sine
965 2425 1108 2516 longiore
1132 2426 1314 2495 defensione

126 2546 271 2616 Osannus
304 2547 436 2636 recepit;
467 2558 500 2611 at
531 2545 648 2612 scimus
680 2544 845 2612 librarium
872 2546 905 2612 in
936 2546 1066 2636 singulis
1090 2547 1156 2613 fere
1183 2546 1315 2614 dixerim

123 2667 327 2760 paragraphis
360 2690 478 2758 paucas
510 2668 630 2734 litteras
659 2679 714 2733 aut
744 2668 902 2743 breviores
932 2691 1023 2735 acces
1052 2670 1210 2749 omisisse,
1236 2691 1314 2759 quas

125 2802 284 2858 corrector
306 2788 415 2856 sedulo
439 2786 616 2877 adscripsit3
652 2786 764 2876 quidni
785 2810 940 2877 ponamus
964 2811 1038 2855 eum
1063 2789 1182 2855 omissis
1203 2790 1312 2855 solum

126 2915 164 2975 in
195 2910 300 2976 stetim
333 2920 403 2999 post
433 2929 541 2996 neque
571 2906 729 2996 scripsisse
761 2926 899 2987 rasum,
935 2906 989 2974 sed
1020 2921 1184 2999 perspecto
1208 2931 1314 2977 errore

125 3029 298 3096 substitisse
335 3028 370 3094 in
407 3026 511 3093 medio
546 3026 720 3106 vocabulo,
761 3027 826 3092 imo
859 3028 892 3094 in
923 3027 1028 3095 media
1063 3029 1168 3096 littera
1203 3049 1244 3110 11,
1281 3042 1314 3096 61

125 3151 170 3217 616
204 3161 324 3240 puncta
358 3148 458 3215 tribus
481 3148 547 3214 istis
570 3147 741 3227 addidisse,
766 3159 862 3238 atque
886 3151 995 3216 solum
1025 3153 1063 3214 io
1091 3153 1205 3216 tontis
1228 3164 1313 3218 recte

126 3270 348 3338 subiunxissel

173 3518 191 3601 §
218 3520 251 3581 5.
278 3513 466 3580 Dicuntur.
494 3511 630 3579 Videant
652 3513 807 3580 acutiores
831 3513 912 3579 sitne
936 3512 1052 3578 codicis
1076 3510 1170 3577 lectio
1190 3510 1314 3579 dieunt

125 3637 202 3704 huic
232 3637 406 3704 6661661166
437 3635 552 3725 aptior;
585 3635 686 3701 forma
715 3636 837 3726 passiva
860 3634 922 3702 hoo
945 3634 1049 3725 capite
1072 3633 1210 3700 occurrit
1234 3656 1313 3700 con·

125 3757 261 3825 iunctim
284 3779 359 3823 cum
382 3762 403 3825 3
422 3779 505 3848 pers.
531 3756 615 3847 plur.
641 3756 760 3823 formae
784 3756 915 3822 activae.

172 4002 191 4086 ς
217 4003 250 4066 6.
300 3999 430 4072 Marii.
478 3996 642 4062 (lorrector
666 3993 829 4087 adscripsit
851 3996 984 4063 alteram
1003 4001 1036 4076 i,
1062 4019 1143 4087 quae
1162 3997 1228 4063 lere
1247 4007 1314 4063 tota

125 4120 253 4187 latitans
285 4119 343 4185 sub
375 4118 546 4208 Augustini
575 4116 790 4183 adiutorium
820 4117 902 4208 fugit
932 4117 982 4184 rel
1012 4118 1205 4185 acutissimos
1237 4118 1314 4184 Maii

127 4242 245 4309 oculos.
295 4239 401 4306 Facile
432 4237 620 4327 intelligitur
651 4237 767 4304 multos
794 4238 880 4303 locos
903 4252 987 4307 recte
1010 4239 1192 4307 emendatos
1215 4238 1313 4306 latere

128 4364 232 4431 adhuc
255 4361 350 4427 simili
368 4359 462 4425 modo
487 4357 544 4423 sub
566 4356 735 4450 Augustini
758 4358 1009 4442 Commentario,
1035 4361 1124 4427 cuius
1148 4360 1193 4426 rei
1216 4360 1314 4426 ratio·

127 4510 201 4555 nem
231 4481 370 4549 habeant
405 4502 531 4546 necesse
554 4493 600 4547 est
623 4480 690 4560 illi,
719 4482 775 4570 qui
798 4483 968 4549 correctori
990 4480 1109 4547 iudices
1132 4493 1163 4546 et
1186 4480 1312 4549 obtrec-

128 4620 243 4673 tatores
266 4605 461 4670 exstiterunt.
