2888 5144
283 1063 568 1224 nunnoni
602 1056 906 1217 unauna
934 1011 1155 1176 notin

232 1338 279 1404 nt
316 1332 1091 1435 00111οΕυκΒΙΝΑΤΕ-νΑτιοΑΝο,ζΝο.
1129 1341 1205 1402 aes.

625 1662 818 1687 ...qma—-

174 1927 221 1992 De
252 1927 395 1994 Phaedro
427 1950 554 2018 quoque
585 1929 666 1994 bene
695 1931 811 1995 meruit
833 1926 954 2007 Maius,
980 1950 1055 1994 nam
1080 1920 1178 2018 quum
1201 1955 1237 1997 ex
1261 1955 1316 1998 co·

124 2044 198 2114 dice
228 2047 420 2114 Famesiano
437 2049 650 2115 ⁴-mutilissimo
683 2073 796 2115 novam
830 2048 954 2116 XXXII
982 2050 1177 2117 Fabularum
1201 2053 1318 2119 collec-

126 2169 249 2234 tionem
284 2168 454 2235 lannellius
487 2182 701 2260 protraxerat,
736 2171 867 2260 contigit
898 2170 1115 2238 Bibliothecae
1146 2173 1318 2241 Vaticanae

126 2289 292 2355 Praefecto
326 2290 409 2355 inter
443 2290 539 2355 libros
570 2289 739 2356 Urbinates
770 2289 865 2379 longe
894 2291 1057 2358 meliorem
1083 2293 1249 2374 Invenire,
1284 2296 1319 2360 in

128 2433 193 2500 quo
211 2409 286 2475 -sub
321 2409 414 2474 titulo
450 2411 595 2477 Nicoluc'
619 2409 759 2475 Perotti
780 2411 1054 2502 Epigrammata
1079 2421 1113 2476 et
1141 2413 1318 2496 Fabulae,

127 2530 252 2597 mediae
282 2531 366 2596 inter
391 2531 485 2596 huius
507 2531 665 2621 pontificis
689 2529 848 2620 Sipontini
871 2532 1011 2597 carmina
1035 2531 1223 2599 exhibentur
1245 2559 1319 2602 eae-

128 2651 203 2717 dem
235 2651 360 2717 XXXII
382 2674 481 2716 novae
504 2651 648 2729 fabulae,
674 2675 754 2741 quae
778 2644 872 2719 nunc
887 2652 938 2718 edi
961 2653 1062 2720 solent
1086 2676 1159 2719 cnm
1184 2655 1319 2721 Phaedri

132 2770 327 2839 Collectione
352 2771 544 2863 Appendicis
569 2773 682 2838 Prioris
705 2772 844 2840 nomine.
866 2770 974 2853 Vide,
1000 2773 1024 2839 si
1047 2775 1128 2839 tanti
1151 2788 1212 2853 est,
1234 2775 1319 2841 illius

131 2894 238 2960 eximii
268 2892 390 2958 Codicis
422 2892 742 2960 Urbinate-Vaticani
773 2894 829 2961 ΝΟ.
865 2892 929 2960 368
961 2894 1204 2984 descriptionem
1236 2897 1319 2986 apud

131 3013 253 3080 Maium
278 3012 371 3080 duct.
399 3011 498 3079 Closs,
518 3013 583 3078 111.
610 3017 687 3080 279.
1250 2991 1251 2994 Ἴ

178 3134 225 3199 Ile
263 3134 337 3222 ipsis
371 3133 486 3198 fabulis
525 3156 699 3223 earumque
739 3147 866 3200 auctore
898 3135 970 3200 satis
999 3132 1194 3224 disputatum
1225 3150 1271 3203 est
1303 3162 1320 3203 a

133 3255 205 3320 viris
229 3253 431 3333 doctissimis,
457 3254 592 3319 sufficiat
615 3278 665 3319 eas
682 3276 769 3320 nunc
788 3255 964 3321 accuratius
986 3256 1154 3321 contulisse
1176 3279 1270 3344 quam
1288 3259 1321 3322 in

134 3375 282 3465 primaria
313 3396 368 3438 sua
398 3373 535 3440 editione
570 3374 733 3470 (Budissae
768 3375 866 3462 1838)
892 3374 947 3440 Ch.
975 3375 1011 3441 T.
1038 3375 1197 3441 Dresslero
1218 3377 1320 3445 licuit.

138 3495 217 3561 Tum
247 3493 341 3561 verbo
370 3494 564 3560 monendum
595 3508 642 3559 est
675 3494 794 3559 Maium
822 3495 927 3559 minus
959 3507 1043 3560 recte
1073 3494 1138 3560 fab.
1166 3496 1219 3562 Vl.
1244 3520 1274 3561 v.
1301 3502 1321 3562 8

137 3617 230 3680 nihil
251 3615 426 3703 scripsisse,
452 3614 507 3679 ubi
531 3627 665 3703 uterque
689 3614 784 3678 codex
809 3616 864 3679 nil
884 3589 1000 3693 habet,
1027 3612 1111 3704 quod
1132 3628 1163 3681 et
1182 3616 1323 3683 Dressler

139 3737 264 3826 recepit.
314 3735 458 3824 Denique
493 3736 558 3801 fab.
597 3735 699 3801 XXXI
732 3759 762 3801 v.
797 3739 817 3800 8
849 3735 977 3801 lacinias
1002 3735 1116 3801 codicis
1141 3737 1323 3802 Farncsiani

140 3858 270 3945 pressius
294 3869 420 3922 secutus
445 3856 551 3922 dedit:

181 3977 270 4044 Nihil
293 3990 339 4043 est
364 3976 448 4066 quod
472 3990 614 4053 metuas,
640 4000 742 4066 rogo;
768 3988 798 4040 te
823 3975 960 4040 multum
987 3974 1113 4065 diligo-‚¹

142 4110 169 4162 at
191 4098 288 4164 codex
313 4098 485 4163 Vaticanus
508 4096 674 4162 emendate
698 4097 846 4186 praebet:

182 4217 270 4285 Nihil
305 4231 351 4283 est
386 4218 469 4307 quod
501 4228 636 4297 metuas3
673 4240 731 4306 ego
763 4230 793 4282 te
824 4218 961 4282 multum
992 4217 1109 4307 diligo,

144 4339 220 4426 quod
253 4341 315 4404 iam
349 4339 479 4403 Bothius
515 4339 668 4416 coniecit,
706 4361 786 4426 quae
821 4338 945 4428 egregia
978 4339 1158 4404 coniectura
1188 4363 1273 4406 nune
1308 4366 1324 4405 a

145 4459 245 4526 codiee
264 4461 396 4550 probata
419 4460 565 4525 omnibus
589 4457 768 4547 recipienda
793 4471 849 4523 est.

661 4670 794 4685 m
