2888 5144
368 334 432 382 trs.
458 313 502 380 ll.
529 317 547 400 §
572 319 635 392 66,
660 320 724 394 67,
749 318 792 379 69
812 366 819 385 .
840 316 901 382 111.
929 320 946 402 §
974 320 1024 381 18.
1249 319 1290 379 m

94 548 98 555 ·
145 504 226 575 lbid.
275 501 337 571 Sic.
369 524 412 566 ex
446 509 589 570 summis
622 513 656 568 ct
691 504 824 592 infimis
862 515 897 568 et
933 503 1059 569 inediis
1092 506 1291 571 interiectis

97 624 304 705 ordinibus,
339 633 378 691 ut
410 629 529 705 sonis,
565 624 749 689 moderata
783 628 924 689 ratione
958 629 1088 690 civitas
1124 647 1292 690 consensu

97 744 420 815 dc‘ssimillimorum
439 748 601 812 concinit.
650 745 752 813 Maius
772 743 860 810 addit
879 743 1025 812 codicem
1044 745 1162 812 habere
1181 757 1293 811 eontra

101 866 273 957 Augustini
310 865 463 935 editiones
504 866 632 931 mediis
676 873 711 930 et
754 869 977 948 interiectis,·
1021 866 1075 932 sed
1111 865 1294 933 ¹notandum

100 1000 148 1055 est
191 999 357 1079 praeterea
391 1010 456 1053 non
488 988 552 1077 legi
587 989 621 1052 in
655 987 737 1052 libro
775 987 931 1053 Vaticano
966 996 1002 1052 et
1035 987 1183 1070 mediis,
1218 1011 1293 1054 nam

100 1110 222 1199 primae
264 1131 377 1175 manus
421 1110 576 1198 scriptura
620 1109 716 1196 iusim
738 1105 743 1197 Ι
765 1111 799 1172 z's
822 1107 950 1172 mediis
988 1123 1129 1175 correcta
1171 1123 1219 1175 est
1258 1109 1293 1174 in

99 1230 234 1318 infimis
254 1227 261 1318 Ι
281 1229 472 1308 ..mediis,
496 1231 560 1294 iam
584 1251 648 1294 non
672 1241 719 1294 cst
741 1251 800 1294 cur
823 1251 897 1295 cum
919 1228 1002 1294 Maio
1022 1229 1172 1298 audacter
1192 1253 1294 1321 pona·

102 1373 172 1417 mus
194 1351 347 1439 scripturn
370 1373 436 1416 esse
464 1359 518 1428 et,
544 1351 600 1416 ubi
622 1350 747 1415 litterae
771 1353 804 1413 r's
828 1372 935 1415 erasae
956 1362 1040 1415 sunt.

146 1469 345 1561 Subscriptio
367 1469 441 1535 libri
460 1470 591 1536 secundi
610 1469 711 1559 qualis
731 1470 848 1550 fuerit,
870 1470 903 1534 in
923 1471 1100 1561 scripturae
1120 1473 1293 1562 specimine

103 1613 232 1658 cernere
275 1590 368 1671 licet,
415 1591 538 1656 etiamsi
575 1589 662 1655 haud
705 1591 749 1656 ita
788 1602 935 1657 accurate
974 1591 1086 1673 inciso,
1129 1615 1204 1657 nam
1246 1593 1294 1658 illi

102 1712 204 1778 forma
234 1711 367 1778 crassior
402 1723 449 1777 est
488 1733 585 1800 quum
620 1712 653 1775 in
689 1711 817 1792 codice,
854 1711 956 1778 solent
991 1713 1077 1778 enim
1111 1713 1145 1778 in
1180 1713 1292 1780 litteris

102 1834 226 1899 rusticis
250 1856 328 1923 quas
350 1831 479 1911 dicunt,
504 1832 639 1898 lineolae
663 1846 768 1898 rectae
791 1834 951 1899 tenuiores
975 1858 1052 1901 esse.
1101 1835 1183 1901 Tum
1206 1852 1294 1902 error

23 1963 27 1970 '
103 1965 234 2044 apparet
263 1954 297 2019 iu
329 1955 396 2043 ipso
426 1952 540 2030 titulo,
573 1975 647 2018 nam
676 1954 710 2017 in
740 1953 848 2018 tabula
881 1972 974 2020 rutn
1011 1954 1147 2044 legitur,
1182 1978 1293 2021 verum

104 2073 210 2142 [lodex
241 2073 338 2139 habet
369 2073 607 2163 rutt1,·quod
630 2072 766 2140 editores
789 2075 913 2140 etiamsi
936 2099 1001 2140 non
1025 2077 1178 2165 scriptum
1206 2076 1292 2165 lege-

102 2195 191 2264 bant.
242 2195 338 2261 Porro
361 2194 486 2261 brevior
508 2195 567 2261 ista
589 2195 726 2274 lineola,
752 2196 885 2284 quaein
906 2196 1011 2262 littera
1031 2196 1172 2263 smedia
1190 2210 1292 2263 trans·

104 2339 191 2385 tersa
222 2329 341 2395 exstat,
375 2329 406 2382 et
430 2329 516 2383 recte
539 2316 713 2382 exhibetur·
728 2317 763 2381 in
788 2336 897 2383 c1cnn.
921 2330 953 2383 et
977 2338 1098 2400 nrnnn,
1122 2320 1226 2384 omisit
1249 2319 1292 2395 is,

105 2438 158 2527 qni
181 2435 311 2516 incidit,
336 2437 368 2501 in
392 2435 522 2525 reliquis
546 2455 589 2501 nn
614 2456 656 2501 mr
680 2455 709 2502 r.
735 2448 766 2502 et
784 2455 858 2502 uxr.
908 2435 990 2503 Sunt
1010 2439 1152 2517 minora,
1172 2440 1291 2517 fateor,

102 2557 155 2622 sed
179 2556 346 2624 offendunt
368 2558 402 2621 in
424 2579 521 2645 parvo
545 2557 718 2646 scripturae
743 2557 933 2646 specimine,
954 2558 1038 2646 quod
1059 2559 1147 2624 nullo
1165 2559 1291 2653 negotio

104 2677 281 2744 accuratius
304 2701 336 2743 se
360 2676 477 2744 babere
501 2689 614 2766 posset.

635 2958 764 2971 Μ

588 3163 718 3229 LIBER
742 3166 803 3231 111.

148 3410 207 3480 XI.
243 3411 261 3492 §
298 3410 348 3472 18.
397 3406 490 3469 Il'sse
521 3408 609 3468 enim
643 3406 704 3468 hoc
734 3406 813 3472 boni
843 3410 917 3470 viri
943 3419 977 3472 et
1005 3411 1113 3487 iusti,
1140 3409 1294 3481 tribuere

103 3531 145 3596 id
174 3533 318 3617 cuique,
351 3525 444 3614 quod
476 3529 526 3589 sit
557 3547 688 3612 quoquc
713 3524 866 3613 dignum.
917 3527 977 3593 Pro
1001 3532 1124 3616 cuique
1149 3529 1294 3597 Osannus

103 3653 285 3740 «quoique
324 3648 460 3713 scribere
494 3669 559 3711 non
593 3645 780 3724 haesitavit,
819 3669 913 3734 quam
951 3647 1075 3714 Codicis
1106 3652 1295 3741 scripturam

102 3772 223 3838 scilicet
255 3770 405 3835 reiectam
436 3790 473 3833 eo
503 3768 636 3833 certiore
666 3767 735 3832 iure
767 3769 920 3845 servarit,
948 3792 1010 3857 quo
1034 3770 1185 3859 liquidius
1208 3794 1295 3837 nunc

103 3904 246 3970 constet,
286 3913 324 3954 ea
362 3889 427 3953 sola
466 3888 567 3953 forma
599 3885 786 3953 Ciceronem
818 3889 1030 3978 aequalesque
1062 3913 1132 3954 usos
1157 3915 1242 3971 esse,
1276 3917 1295 3957 n

101 4026 229 4080 nostrae
259 4010 368 4076 aetatis
399 4008 580 4073 hominibus
611 4009 717 4074 nescio
748 4031 811 4097 quo
842 4009 968 4074 fastidio
1000 4023 1123 4099 spreta,
1154 4014 1212 4077 etsi
1241 4013 1295 4081 hic

102 4135 192 4199 locus
224 4132 258 4196 in
289 4128 338 4194 his
370 4127 526 4203 Cicernnis
558 4127 645 4191 libris
677 4130 790 4193 unicus
821 4141 884 4205 cst,
910 4154 972 4219 qno
997 4131 1135 4219 genuina
1159 4136 1295 4199 auctoris

101 4275 218 4319 manus
253 4263 322 4317 tuta
360 4250 420 4314 fuit
457 4272 475 4313 a
511 4262 725 4314 correctorum
756 4250 945 4340 importunis
976 4251 1293 4340 interpolationibus,

100 4377 245 4464 ipsorum
276 4374 386 4440 aetatis
418 4369 494 4461 quid
522 4393 596 4434 usus
624 4370 742 4450 ferret,
776 4373 911 4460 pessimo
937 4374 1081 4463 exemplo
1106 4375 1295 4440 substituen-

100 4497 224 4561 tium.»
271 4493 355 4558 Proh
385 4492 493 4571 dolor,
526 4490 645 4556 nubem
676 4513 733 4579 pro
765 4491 888 4558 Iunone
922 4495 1084 4584 amplexus
1115 4508 1161 4561 cst
1185 4495 1295 4561 doctus

102 4617 225 4695 editor,
258 4639 298 4682 ne
326 4616 438 4682 unicus
472 4612 601 4704 quidem
624 4612 715 4680 hicce
739 4613 826 4680 locus
853 4615 1044 4706 subterfugit
1068 4618 1200 4683 istorum
1220 4617 1296 4682 dili-

1107 4742 1127 4792 *l
