2888 5144
166 316 229 378 146
602 330 630 376 1.
658 330 768 377 ruerus
794 332 925 379 rrcron.

166 501 282 568 serrari
305 498 444 564 solent.»
480 498 710 589 Expungantur
733 513 795 566 tres
818 500 960 581 litterae,
986 524 1068 591 quae
1081 501 1362 592 compendiacon-

165 621 336 688 iunctionis
359 641 424 684 non
448 619 678 708 significantur.

210 743 286 831 rag.
321 744 388 806 204
419 763 447 805 r.
483 744 545 820 24,
578 740 656 806 ibid.
687 745 704 827 §
736 746 777 822 8,
810 742 910 810 edidit
932 743 1035 810 Maius
1056 745 1090 809 in
1112 743 1258 834 exemplo
1281 766 1362 811 cau-

167 864 283 929 satirae
312 860 495 927 antithesis:
530 861 732 950 «imperator
753 863 949 951 fugientibus
972 862 1012 928 ad
1034 864 1161 930 moenia
1182 864 1362 945 militibus,

165 985 214 1051 bis
248 983 315 1050 acie
339 982 468 1074 pulsus,
493 983 587 1048 tertio
610 981 731 1048 disiecit
750 1005 857 1048 muros
877 997 908 1050 et
930 985 1213 1051 conflixitctricit.
1251 985 1363 1053 Nemo

165 1116 269 1196 potest
297 1103 402 1169 dicere
431 1115 515 1170 recte
544 1104 687 1181 factum,
720 1103 774 1168 sed
806 1102 954 1171 adfirmat
981 1106 1081 1171 maius
1112 1129 1149 1173 ex
1172 1129 1210 1172 eo
1234 1106 1364 1173 iucom-

166 1222 261 1289 modo
292 1221 495 1288 commodum
522 1245 588 1288 esse
612 1222 829 1311 quaesitum.»
866 1222 909 1288 ht
938 1223 972 1288 in
995 1223 1104 1290 codiee
1126 1237 1204 1293 ests
1221 1224 1262 1293 N
1280 1203 1362 1303 end,

167 1345 307 1435 legamus
330 1343 457 1433 itaque:
493 1341 601 1410 «Non
625 1346 714 1407 enim
737 1355 841 1433 potest
863 1344 1014 1424 dicere,»
1036 1346 1208 1436 imperator
1229 1368 1363 1437 nempe.

212 1463 252 1530 V.
268 1467 310 1530 23
334 1486 407 1554 pag.
435 1467 521 1542 205,
547 1465 643 1548 510,
668 1462 906 1530 rescribendum
930 1476 977 1531 est
999 1486 1036 1531 er
1060 1465 1189 1532 codiee:
1217 1464 1299 1531 «bis
1322 1464 1365 1533 de

166 1585 277 1653 eadem
301 1608 335 1651 re
359 1607 451 1673 agere
476 1606 518 1648 ae
541 1584 675 1650 liceat.»
728 1583 767 1650 In
790 1583 980 1651 editionibus
1003 1585 1121 1673 legitur
1143 1609 1221 1651 11111.

212 1706 251 1774 In
286 1707 356 1771 loeo
391 1704 431 1771 de
464 1703 587 1794 legibus
624 1706 832 1790 contrariis§
865 1709 928 1786 13,
952 1729 985 1797 p.
1012 1710 1078 1773 206
1102 1729 1131 1772 r.
1156 1710 1219 1785 21,
1242 1705 1365 1773 dicitur

68 1897 72 1904 ,
167 1829 282 1895 harum
304 1849 371 1894 esse
394 1839 510 1905 status,
535 1848 667 1915 «quum
690 1827 847 1916 peristasis
870 1828 957 1917 ipsa,
980 1828 1123 1916 quamvis
1134 1825 1364 1893 diversissimas

168 1950 272 2038 leges,
305 1948 349 2013 ita
379 1960 487 2012 tamen
519 1948 695 2013 cornminus
720 1947 889 2028 conducit,
914 1962 950 2016 ut
974 1950 1149 2016 contrariae
1172 1972 1240 2016 esse
1264 1948 1365 2015 oide-

170 2080 316 2136 11111.»
348 2066 509 2132 Librarius
532 2066 620 2134 dedit
642 2067 860 2137 videreretur.

215 2190 313 2255 Paulo
348 2201 418 2278 post
453 2212 484 2255 r.
518 2191 582 2254 281
615 2200 767 2256 «actores
800 2189 881 2257 alter
899 2191 1031 2258 alteram
1051 2204 1183 2258 tuentur
1205 2203 1365 2282 partem»

169 2313 214 2378 ita
249 2310 438 2376 exhibentur
472 2308 601 2400 quidem
633 2310 668 2376 in
692 2311 820 2390 codice,
844 2311 899 2378 sed
923 2311 1085 2404 adscriptis
1108 2313 1194 2403 siglis
1216 2313 1251 2379 in
1274 2310 1366 2379 hunc

169 2432 321 2499 modum:
349 2434 522 2496 “tuentcr
550 2433 570 2459 ‘'
572 2439 736 2522 partem,
761 2431 863 2498 idest
888 2433 1003 2500 horum
1026 2433 1196 2500 verborum
1218 2432 1367 2501 ordinem

171 2579 236 2622 esse
259 2552 505 2620 immutandum.
537 2553 862 2644 Editoremfugeruut
878 2555 972 2621 huius
992 2557 1038 2622 rei
1057 2554 1174 2622 indicia
1190 2555 1269 2622 locis
1280 2577 1366 2620 nou·

172 2676 288 2756 nullis,
321 2698 400 2765 quos
432 2673 503 2740 ride
533 2674 568 2740 in
600 2673 777 2742 Collatione
788 2725 798 2756 ,
823 2699 898 2741 nam
922 2675 968 2741 nil
991 2676 1105 2742 attinet
1127 2676 1269 2765 singulos
1291 2675 1366 2741 illos

172 2797 339 2865 emendate
369 2795 423 2861 hio
457 2791 650 2876 describere3
686 2809 760 2862 sunt
783 2808 888 2863 autem
911 2821 944 2888 p.
969 2800 1035 2862 226
1058 2821 1088 2863 r.
1116 2801 1157 2875 7,
1181 2820 1214 2886 p.
1239 2799 1303 2864 231
1332 2820 1366 2865 r.

173 2923 236 2997 36,
259 2941 293 3007 p.
320 2921 439 2982 2461.
466 2919 509 2981 26
532 2927 564 2981 et
589 2920 651 2994 46,
675 2940 708 3005 p.
735 2920 800 2983 253
826 2941 854 2983 v.
884 2921 947 2997 14,
971 2942 1005 3009 p.
1028 2921 1094 2984 254
1113 2941 1143 2983 r.
1164 2921 1226 2994 15,
1250 2921 1366 3007 paee

172 3065 203 3107 r.
230 3045 249 3106 5
274 3050 307 3104 et
333 3042 392 3116 17,
416 3058 450 3125 p.
476 3038 542 3102 266
565 3060 596 3102 r.
625 3040 639 3101 l
667 3048 699 3103 et
724 3039 785 3116 17,
809 3061 842 3127 p.
867 3041 931 3103 267
956 3061 986 3104 r.
1015 3041 1068 3105 15.

220 3158 446 3225 Definitionem
476 3156 585 3245 scripti
616 3169 649 3222 et
670 3157 840 3224 voluntatis
863 3172 962 3225 status
985 3164 1003 3247 §
1030 3162 1091 3238 14,
1116 3182 1148 3248 p.
1175 3162 1240 3224 207
1266 3183 1295 3227 1.
1321 3165 1366 3240 3,

174 3281 219 3346 sio
251 3278 394 3345 exhibuit
415 3277 535 3342 Maius:
573 3278 740 3363 «Quando
762 3279 841 3345 alter
865 3279 959 3344 rerba
982 3292 1120 3369 praestat
1144 3302 1226 3368 quae
1247 3280 1367 3370 scripta

176 3414 270 3479 sunt,
303 3400 383 3467 alter
414 3399 603 3467 sententiam
625 3400 851 3489 interpretatur
874 3400 924 3466 rel
947 3400 1115 3489 quiddam
1138 3400 1292 3490 excipit.»
1327 3400 1368 3467 111

176 3520 285 3587 codiee
315 3532 380 3587 est:
420 3544 442 3608 q
455 3520 481 3585 d
491 3501 524 3585 ἆ
545 3519 578 3586 id
607 3533 654 3587 est
685 3518 877 3608 quaedam,
911 3542 992 3608 quae
1021 3518 1152 3609 pluralis
1182 3521 1287 3585 forma
1313 3543 1367 3588 re·

176 3642 322 3732 quiritur.

223 3763 300 3829 Erat
334 3762 396 3829 hoc
419 3762 549 3829 minoris
572 3762 746 3840 momenti,
771 3774 802 3827 et
826 3762 870 3827 sic
895 3759 1046 3829 Orellium
1068 3760 1162 3828 facile
1184 3761 1287 3849 fugit,
1312 3760 1369 3829 scd

181 3906 244 3972 quo
268 3884 363 3949 modo
387 3896 559 3972 utrumque
582 3882 735 3949 editorem
756 3882 873 3971 fugerit
896 3881 1133 3949 ridiculissimus
1155 3904 1243 3949 error
1255 3906 1285 3950 r.
1303 3887 1369 3964 11,

178 4005 326 4094 equidem
356 4027 421 4069 non
450 4026 608 4092 assequor.
659 4004 809 4070 Versatur
838 4003 1053 4093 paragraphus
1075 4004 1108 4068 in
1130 4015 1214 4069 statu
1237 4005 1368 4096 scripti,

180 4125 306 4215 quando
339 4126 418 4192 alter
441 4124 628 4190 sententiam
653 4127 932 4214 interpretatur,
958 4147 1039 4213 quae
1061 4124 1156 4191 rerba
1176 4125 1256 4192 alter
1277 4149 1370 4217 prse-

178 4249 313 4328 stiterat3
337 4260 407 4312 tum
426 4247 545 4337 pergit:
576 4269 597 4309 «
609 4244 726 4335 Scripti
745 4258 850 4310 autern
872 4249 1118 4336 intemptamus
1130 4247 1232 4312 tribus
1243 4247 1367 4328 modis,

179 4382 234 4436 aut
258 4368 373 4457 scripto
397 4369 484 4457 ipso,
510 4380 564 4433 aut
588 4365 766 4455 exlegibus
789 4366 932 4456 exempla
955 4367 1132 4447 ducuntur,
1156 4379 1212 4433 aut
1231 4368 1369 4459 exlegis

179 4491 282 4560 verbis
326 4501 606 4578 argumentantur,
648 4499 740 4553 cet.»
786 4489 861 4574 Quis
897 4510 1012 4576 quaeso
1046 4487 1126 4553 haec
1160 4492 1367 4580 concoquet?

180 4611 282 4680 Maius
306 4607 422 4677 codicis
445 4606 540 4695 sigla:
569 4583 894 4699 idiotam‘miserum
918 4609 951 4673 in
974 4606 1104 4674 modurn
1128 4607 1171 4674 sio
1194 4606 1367 4698 explicuit,
