2888 5144
587 330 824 378 raraooocrro.
1282 314 1301 372 3
1410 376 1416 389 ,

112 505 296 581 studemus,
323 504 412 591 quasi
435 501 597 567 communi
622 499 763 589 quodam
786 500 914 566 vinculo
938 498 977 564 ad
1001 522 1051 564 eas
1074 496 1302 588 promovendas

113 627 189 693 duci
206 625 378 702 debemus,
403 635 435 688 et
458 619 609 686 ridiculus
629 633 676 686 est
694 621 828 686 istorum
852 634 1002 699 conatus,
1029 621 1084 708 qui
1107 618 1301 709 impediant,

114 747 284 837 quominus
309 745 364 810 alii
387 766 442 809 sua
465 753 610 832 repetant
636 754 690 807 aut
719 741 888 831 corrigant.
937 741 1042 830 Atque
1065 739 1151 805 hand
1175 742 1238 806 scio
1263 763 1303 804 an

115 891 190 935 vero
213 861 390 932 litterarum
411 886 518 929 amore
542 863 652 928 arserit
674 861 785 928 doctus
808 862 862 928 ille
886 863 1004 941 Italus,
1030 862 1189 958 qui'tristi
1213 884 1304 926 sane-

113 1010 211 1077 quam
241 985 414 1051 ambitione
445 1006 482 1049 eo
511 982 682 1071 perductus
701 983 781 1063 suit,
807 994 842 1047 ut
862 983 927 1049 siro
946 983 1065 1072 pariter
1081 981 1192 1047 studiis
1210 980 1303 1047 docto

114 1131 153 1175 ac
174 1107 316 1173 moribus
338 1105 438 1196 probo
462 1117 532 1170 tum
556 1103 684 1170 demum
707 1104 885 1193 permiserit
911 1102 1080 1192 Augustini
1103 1103 1305 1170 collationem

115 1229 299 1305 instituere,
324 1226 413 1291 cuius
434 1224 723 1291 Commentationes
743 1247 837 1314 super
855 1223 994 1289 Psalmos
1009 1223 1132 1290 laciniis
1152 1224 1305 1289 Tullianis

114 1349 154 1416 de
190 1349 237 1414 Re
274 1346 406 1414 Publica
429 1348 658 1436 suprascriptae
681 1358 774 1425 sunt,
806 1359 974 1435 postquam
997 1347 1066 1411 iure
1089 1345 1222 1410 iurando
1246 1344 1306 1409 sibi

115 1471 208 1537 illum
226 1468 460 1545 obstrinxisset,
485 1479 522 1532 ut
546 1465 759 1555 Augustinum
772 1465 890 1555 legeret
901 1467 1149 1554 varietatemque
1161 1465 1306 1530 lectionis

115 1590 300 1668 adnotaret,
313 1587 386 1654 ised
409 1611 450 1653 ne
474 1586 613 1652 litteram
633 1585 763 1675 quidem
795 1584 973 1665 Ciceronis,
1007 1588 1063 1675 qni
1084 1607 1171 1650 nunc
1194 1583 1304 1649 saltem

115 1734 179 1778 non
204 1710 338 1799 amplius
361 1709 459 1787 latet,
484 1706 680 1797 adspiceret3
707 1720 802 1796 atque
821 1707 884 1773 hoc
905 1708 1026 1773 lactum
1050 1720 1112 1785 est,
1136 1718 1304 1796 postquam

116 1832 217 1903 Maius
247 1853 338 1896 curas
360 1828 513 1895 secundas
537 1827 576 1893 ad
599 1827 686 1893 hunc
711 1826 861 1894 (iadicem
884 1828 1087 1906 adhibuerat,
1118 1851 1182 1917 qua
1213 1850 1304 1917 repe-

117 1953 173 2019 tita
195 1945 331 2018 lectione
356 1971 566 2038 quaecunque
590 1949 677 2014 cerni
699 1949 839 2037 possint,
872 1950 941 2015 iure
966 1972 1022 2014 suo
1046 1949 1085 2014 ad
1109 1948 1304 2015 emendatio·

119 2095 182 2143 tem
206 2071 377 2138 editionem
402 2068 552 2134 adhibere
576 2069 750 2148 debuerat,
775 2070 898 2160 opinor.

163 2194 252 2278 Quae
275 2212 376 2278 quum
396 2189 441 2254 ita
464 2189 545 2267 sint,
579 2212 643 2255 non
665 2190 784 2255 mirum
807 2188 913 2278 quod,
938 2188 1058 2255 Romae
1082 2212 1182 2278 quum
1205 2212 1304 2255 essem

118 2335 201 2379 anno
230 2311 411 2400 superiore,
441 2323 474 2376 et
504 2333 578 2376 cum
606 2309 726 2390 doctis,
759 2311 815 2400 qui
838 2310 883 2376 ibi
908 2322 1086 2388 versantur,
1116 2309 1156 2375 de
1186 2313 1306 2377 meritis

117 2433 232 2524 Anqeli
266 2431 343 2498 Maii
378 2454 523 2520 agerem,
561 2453 662 2496 unum
698 2455 734 2497 ex
763 2431 825 2496 illis
856 2433 889 2496 in
920 2454 1073 2520 magnum
1106 2431 1305 2520 philologum

115 2552 376 2645 philosophorum
400 2550 482 2623 illud
505 2550 679 2618 audiverim
702 2563 938 2640 retorquentem
962 2563 1128 2618 «mortem
1151 2575 1216 2616 non
1240 2576 1305 2618 esse

116 2673 275 2739 malum.»
325 2672 417 2758 Quod
440 2670 575 2737 invidiae
598 2695 639 2737 ne
663 2671 825 2750 tribuatis,
858 2695 933 2738 nam
956 2685 1040 2738 totus
1066 2685 1134 2738 erat
1163 2671 1237 2752 ille,
1270 2687 1305 2739 ut

117 2794 170 2861 isti
204 2793 326 2872 solent,
363 2793 397 2858 in
433 2791 630 2873 celebrandis
653 2791 799 2857 laudibus
823 2793 899 2858 civis
923 2793 990 2869 sui,
1014 2792 1070 2881 qui
1094 2816 1128 2857 re
1154 2815 1227 2858 vera
1251 2792 1305 2858 Bi·

117 2913 294 2981 bliothecae
334 2913 507 2979 Vaticanae
538 2914 599 2978 suit
629 2927 835 2992 ornamento,
876 2937 957 3002 quae
988 2913 1120 3003 dignum
1151 2913 1305 2981 desiderat

116 3033 222 3101 adhuc
246 3057 468 3101 successorem.
518 3033 637 3100 Verum
660 3035 722 3101 hoc
746 3036 805 3100 sibi
828 3035 972 3115 volebat,
997 3059 1062 3100 non
1086 3036 1222 3126 amplius
1244 3039 1306 3104 im·

116 3155 238 3246 pediri,
271 3156 440 3243 quominus
475 3167 595 3220 nostras
632 3179 758 3245 quoquc
791 3178 882 3221 curas
913 3155 952 3221 ad
983 3155 1060 3222 Maii
1097 3156 1306 3225 Collectiones
1394 3246 1397 3251 Ι

117 3273 330 3343 emendandas
365 3273 589 3354 adhibeamus,
624 3275 709 3363 quod
740 3298 780 3340 ne
810 3298 878 3341 sero
902 3276 992 3340 lieret
1015 3277 1049 3340 in
1072 3275 1160 3342 libris
1190 3279 1306 3368 palim-
1383 3248 1388 3255 Ι

117 3396 227 3488 psestis
252 3365 424 3462 verendum
448 3408 525 3461 erat.
553 3395 590 3461 lu
614 3396 726 3485 tulgus
745 3398 830 3461 enim
844 3409 955 3461 notum
967 3410 1014 3462 est
1026 3397 1225 3464 membranas
1236 3399 1306 3466 illas
1351 3469 1352 3474 ,

117 3516 266 3584 nonnihil
291 3541 357 3584 esse
382 3540 521 3584 corrosas
544 3516 697 3604 chymicis
720 3518 805 3597 istis,
832 3541 913 3607 quae
936 3519 970 3583 in
993 3531 1206 3585 atramentum
1228 3521 1306 3589 olim

116 3637 264 3704 ablutum
303 3648 490 3726 erasumque
522 3649 557 3702 ut
587 3637 668 3704 bene
705 3652 853 3727 agerent,
888 3641 971 3705 iusto
1005 3640 1180 3706 acerbiores
1212 3641 1306 3707 luisse

116 3757 289 3837 dicuntu13
317 3768 458 3823 attamen
485 3757 556 3823 talis
579 3780 689 3823 eorum
711 3771 759 3824 est
781 3771 912 3838 natura,
938 3773 973 3826 ut
997 3760 1124 3827 chartae
1148 3761 1210 3826 sint
1233 3785 1305 3850 per-

116 3879 259 3965 uiciosa,
284 3879 310 3943 si
334 3877 373 3942 ad
397 3877 503 3944 lucem
527 3891 674 3944 revocant
697 3880 885 3969 scripturam
909 3881 1062 3947 ablutam.
1105 3882 1160 3947 Est
1185 3880 1246 3947 hoe
1269 3907 1306 3949 eo

117 3999 219 4089 magis
246 3997 439 4078 dolendum,
473 3999 558 4087 quod
583 4001 616 4064 in
639 4001 852 4068 multis·foliis
884 4002 1038 4092 scriptura
1061 4001 1194 4068 evanida
1224 4003 1307 4070 lacta

118 4122 159 4189 sit
182 4131 360 4185 atramento
380 4142 437 4208 per
459 4120 556 4186 totius
575 4120 780 4189 membranae
800 4123 1000 4213 superficiem
1022 4120 1180 4212 disperso,
1206 4136 1241 4189 ut
1263 4126 1307 4191 ita

116 4241 245 4320 dicam,
293 4263 375 4329 quae
417 4240 526 4328 itaque
557 4241 710 4330 chymieis
744 4245 833 4332 peius
869 4243 1063 4308 afficiuntur.
1112 4241 1180 4308 Nec
1214 4244 1307 4312 facile

115 4363 195 4430 huic
226 4354 301 4428 litio
333 4360 510 4428 remedium
534 4361 731 4442 invenietur,
765 4364 854 4452 atqui
878 4364 1065 4453 quantocius
1090 4361 1308 4430 huiuscemodi

116 4485 193 4550 libri
216 4484 309 4550 lectio
330 4483 521 4549 conferatur.
571 4481 624 4548 Sic
647 4485 733 4548 enim
761 4483 832 4549 Gaii
851 4484 948 4550 codex
969 4497 1039 4573 post
1058 4483 1152 4550 breve
1172 4487 1307 4574 spatium

118 4619 204 4672 totus
230 4619 276 4671 est
300 4605 477 4695 periturus,
502 4605 553 4670 sic·
567 4604 737 4671 Vaticanus
761 4604 860 4684 liber,
883 4608 938 4696 qui
959 4604 1310 4695 PolybiiatqueDionis

1065 4734 1079 4782 1
1089 4729 1102 4758 h
