2888 5144
133 285 197 346 204
515 299 693 348 rescimus
717 299 930 350 rarorrtrus.

132 466 252 532 Maium
279 488 393 557 nempe
424 490 487 533 non
515 493 579 560 qua
603 493 664 561 par
693 485 761 539 erat
788 471 950 562 diligentia
981 470 1067 537 hunc
1090 469 1212 561 publici
1233 472 1310 538 iuris

131 586 241 653 iecisse
265 587 525 656 abbreviatorem.

175 825 227 894 Sic
260 827 337 918 Gap.
373 832 387 894 1
425 832 442 915 §
475 834 493 895 2
526 829 613 897 dedit
633 831 667 897 in
689 832 760 898 loco
782 833 935 898 Postumii
959 831 1074 922 «quod
1097 842 1178 898 esset
1201 831 1311 896 consul

128 947 213 1013 idem
247 950 429 1036 flamenqae
460 951 649 1017 martialis.»
697 952 738 1019 At
773 953 953 1019 coniunctio
991 952 1077 1018 deest
1110 953 1144 1017 iu
1180 950 1306 1030 codice,

130 1092 225 1159 quam
249 1069 275 1133 si
296 1069 503 1159 supplendam
527 1070 628 1136 editor
651 1072 820 1138 contendat
843 1086 970 1162 propter
990 1072 1096 1138 Valer.
1127 1071 1162 1152 l,
1190 1075 1247 1160 1§
1270 1074 1308 1151 h,

128 1190 308 1279 pronomini
331 1190 547 1280 subiungenda
570 1204 635 1257 est:
662 1215 683 1256 ‹<
694 1194 804 1260 consul
823 1192 970 1282 idemque
983 1195 1100 1258 flamen
1120 1191 1308 1258 martialis.»

129 1308 192 1376 Sed
227 1310 312 1375 haud
349 1311 412 1375 scio
448 1333 488 1376 an
523 1311 662 1378 Ianuarii
695 1313 783 1379 stilus
818 1313 900 1379 hanc
934 1312 1121 1406 particulam
1157 1314 1306 1402 requirat.

129 1430 230 1496 Maius
269 1431 397 1497 librario
437 1432 623 1498 subveniens
666 1434 788 1524 scripsit
818 1435 852 1499 in
880 1435 944 1499 fine
975 1433 1068 1499 huius
1099 1432 1306 1523 paragraphi,

128 1553 313 1642 pontificem
342 1551 511 1618 detinuisse
534 1554 713 1634 flaminem,
740 1578 761 1618 ‹<
772 1567 806 1620 ut
828 1555 974 1621 videlicet
997 1555 1100 1643 priore
1124 1555 1306 1619 haberetur

130 1674 201 1738 loco
232 1673 396 1738 sacerdos
427 1697 530 1762 qaam
561 1677 699 1756 consul,
724 1699 783 1741 res
807 1699 912 1741 sacra
935 1698 1037 1763 qaam
1060 1678 1256 1753 victoria,>›
1278 1685 1306 1739 at

128 1794 273 1859 librarius
304 1793 451 1860 dederat:
486 1808 552 1860 «ut
584 1795 729 1862 videlicet
751 1798 854 1886 priore
878 1799 949 1861 loco
974 1797 1115 1860 liaberet
1146 1795 1305 1860 sacerdos

129 1937 232 1979 sacro
263 1938 348 2002 quos
379 1917 500 1979 consul
520 1920 750 1994 neotericam
781 1940 884 2006 aquo
907 1917 1011 1981 minus
1035 1914 1197 1981 discedens
1220 1914 1304 2003 equi-

128 2034 201 2099 dem
231 2035 369 2123 refingo:
402 2048 468 2100 «ut
496 2034 557 2100 vid.
588 2059 636 2124 pr.
667 2036 736 2101 loco
756 2035 890 2102 ¹haberet
914 2035 1054 2103 sacerdos
1079 2058 1185 2114 sacra
1209 2058 1304 2123 qaam

130 2155 239 2220 consul
262 2156 460 2221 victoriam.»
496 2154 550 2221 Sic
570 2156 654 2220 enirn
682 2157 843 2245 exprimit,
867 2156 901 2221 ni
923 2156 1034 2235 fallor,
1060 2155 1180 2221 Valerii
1191 2155 1303 2221 dictum

130 2275 307 2366 «religioni
328 2299 488 2341 summum
511 2277 678 2366 imperium
703 2277 831 2342 cessit.»

174 2397 242 2465 Nec
272 2396 494 2463 abbreviatoris
524 2419 655 2462 manum
685 2394 765 2464 mihi
791 2397 914 2470 videtur
937 2409 1094 2463 assecutus
1119 2396 1221 2462 Maius
1248 2399 1301 2482 §7

129 2518 312 2592 «Gracchis
335 2541 434 2607 remp.
460 2518 664 2597 vexantibus,
690 2531 850 2608 repertum
874 2521 907 2583 in
932 2517 1093 2605 Sibyllinis
1116 2516 1205 2584 libris
1229 2517 1302 2582 anti·

129 2642 312 2731 quissimam
345 2636 491 2704 Cererem
514 2637 713 2728 placandam.
762 2639 853 2704 Tunc
877 2637 1057 2728 quindecim
1081 2637 1140 2702 viri
1163 2638 1303 2704 Hennam

127 2761 261 2851 profecti
299 2771 382 2825 sunt.
430 2759 461 2824 Is
497 2759 582 2824 enim
616 2758 703 2824 locus
734 2781 752 2822 a
783 2758 902 2847 virgine
933 2757 1036 2823 cultus
1068 2770 1210 2846 putatur.
1258 2758 1304 2825 nt

128 2880 204 2948 Dea
229 2880 420 2967 sacrificiis
442 2879 610 2968 propitiata
631 2877 847 2945 Gracchorum
865 2879 950 2943 exitu
960 2890 1128 2968 putatur.»
1152 2878 1304 2945 Ultimum

126 3001 188 3067 hoc
222 2998 315 3065 nihili
344 3013 408 3077 est,
436 3011 543 3064 contra
570 2997 667 3064 codex
698 2996 813 3063 habet:
847 3007 887 3062 at
918 2997 984 3063 dea
1018 2997 1080 3088 (vel
1109 2997 1184 3086 dee)
1209 2999 1303 3086 fatis

128 3129 273 3186 receret.
323 3117 567 3208 Propz'tz'ata;¹
587 3119 655 3207 quis
686 3141 749 3184 non
776 3118 915 3208 agnoscit
938 3117 1069 3184 verbum
1095 3119 1303 3206 satisfacere

127 3241 160 3306 in
184 3240 244 3305 hac
267 3263 300 3305 re
323 3238 503 3327 proprium?
537 3238 635 3329 Atqui
657 3240 701 3305 sic
723 3239 865 3329 legatur:
903 3239 1025 3304 ‹rTunc
1049 3238 1232 3327 quindecim
1251 3239 1304 3305 viri

128 3363 274 3429 Hennam
298 3360 431 3450 profecti
454 3372 526 3425 sunt
537 3410 546 3440 ,
573 3359 609 3449 (is
630 3361 716 3427 enirn
734 3359 822 3426 locus
842 3383 860 3424 a
879 3360 999 3448 virgine
1018 3359 1121 3424 cultus
1141 3359 1303 3448 putatur),

126 3493 165 3550 at
197 3484 281 3547 deae
312 3481 518 3569 satisfieret.
571 3481 743 3570 Propitiata
775 3478 990 3546 Gracchorum
1021 3479 1106 3545 exitu
1135 3493 1304 3568 putatur,»

125 3607 186 3671 nisi
213 3605 312 3669 mavis
342 3601 607 3688 satisfacerent.
646 3599 785 3667 sienim
807 3600 880 3665 inde
903 3599 1040 3664 elicuero
1052 3599 1172 3686 satis,
1194 3600 1304 3668 haereo

125 3727 159 3793 in
176 3725 304 3802 ceteris,
334 3745 442 3788 verum
466 3722 593 3787 omniuo
613 3723 786 3812 genuinum
806 3742 870 3786 non
882 3731 928 3786 est
940 3719 1017 3784 Maii
1028 3719 1302 3809 supplementum,

125 3870 186 3913 nec
216 3856 324 3911 tuetur
353 3841 432 3908 illud
461 3841 579 3907 Valerii
607 3842 642 3920 Ι,
670 3845 684 3906 1
713 3845 730 3926 §
760 3848 774 3906 l
801 3840 892 3906 «XV
915 3839 995 3905 viros
1019 3839 1058 3904 ad
1082 3863 1152 3905 eam
1171 3844 1303 3934 propiti-

127 3967 241 4033 andam
263 3965 454 4030 miserunt.»
497 3965 503 3978 ’

174 4085 263 4172 Quod
296 4082 400 4149 Paridi
428 4082 568 4149 videmus
599 4082 762 4159 accidisse,
798 4083 917 4148 Maium
947 4104 1062 4171 nempe
1087 4083 1237 4172 pauciora
1260 4084 1304 4150 illi

125 4206 323 4274 subfuratum
357 4227 440 4283 esse,
472 4203 506 4268 in
537 4216 641 4269 nostro
666 4227 792 4292 quoque
817 4203 1022 4295 epitomatore
1047 4202 1153 4267 locum
1176 4204 1300 4285 habuit;

126 4330 170 4395 sic
202 4328 219 4410 §
249 4329 269 4389 8
298 4323 477 4398 addendum
500 4337 566 4390 est:
616 4324 786 4394 «Tiberius
809 4323 970 4390 Gracchus
994 4322 1033 4386 ad
1057 4345 1214 4412 augurum
1238 4326 1300 4392 col·

125 4448 243 4539 legium
266 4468 283 4509 e
306 4444 465 4534 provincia
489 4446 610 4535 scripsit
633 4448 819 4536 comperisse
843 4468 876 4510 se
900 4443 1041 4509 consules
1058 4466 1122 4510 non
1143 4448 1301 4536 auspicato

126 4582 255 4638 creatos.
306 4564 447 4630 Recitata
477 4565 509 4630 in
541 4579 650 4634 senatu
681 4566 814 4655 epistula
840 4564 919 4655 (lege
944 4588 1014 4630 cum
1041 4563 1110 4632 cod.
1138 4564 1299 4656 epistola)
