<?xml version="1.0" encoding="UTF-8"?>
<!DOCTYPE html PUBLIC "-//W3C//DTD XHTML 1.0 Transitional//EN"
    "http://www.w3.org/TR/xhtml1/DTD/xhtml1-transitional.dtd">
<html xmlns="http://www.w3.org/1999/xhtml" xml:lang="en" lang="en">
 <head>
  <title>
</title>
<meta http-equiv="Content-Type" content="text/html;charset=utf-8" />
  <meta name='ocr-system' content='tesseract 3.04.00' />
  <meta name='ocr-capabilities' content='ocr_page ocr_carea ocr_par ocr_line ocrx_word'/>
</head>
<body>
  <div class='ocr_page' id='page_1' title='image "./schedaevaticana00rieugoog_0064.png"; bbox 0 0 2888 5144; ppageno 0'>
   <div class='ocr_carea' id='block_1_1' title="bbox 400 332 1291 415">
    <p class='ocr_par' dir='ltr' id='par_1_1' title="bbox 400 332 1291 415">
     <span class='ocr_line' id='line_1_1' title="bbox 400 332 1291 415; baseline -0.001 -19"><span class='ocrx_word' id='word_1_1' title='bbox 400 349 465 396; x_wconf 72' lang='lat' dir='ltr'><strong>tle.</strong></span> <span class='ocrx_word' id='word_1_2' title='bbox 492 333 536 399; x_wconf 86' lang='lat' dir='ltr'><strong>ll.</strong></span> <span class='ocrx_word' id='word_1_3' title='bbox 564 334 582 415; x_wconf 83' lang='lat'>§</span> <span class='ocrx_word' id='word_1_4' title='bbox 612 333 665 407; x_wconf 85' lang='lat' dir='ltr'><strong>ll,</strong></span> <span class='ocrx_word' id='word_1_5' title='bbox 691 333 747 408; x_wconf 88' lang='lat'><strong>21,</strong></span> <span class='ocrx_word' id='word_1_6' title='bbox 774 333 829 407; x_wconf 72' lang='lat' dir='ltr'><strong>te,</strong></span> <span class='ocrx_word' id='word_1_7' title='bbox 855 333 912 408; x_wconf 86' lang='lat'><strong>28,</strong></span> <span class='ocrx_word' id='word_1_8' title='bbox 938 333 991 395; x_wconf 85' lang='lat'><strong>30.</strong></span> <span class='ocrx_word' id='word_1_9' title='bbox 1250 332 1291 395; x_wconf 72' lang='lat'><strong>4⁵</strong></span> 
     </span>
    </p>
   </div>
   <div class='ocr_carea' id='block_1_2' title="bbox 103 490 1293 850">
    <p class='ocr_par' dir='ltr' id='par_1_2' title="bbox 103 490 1293 850">
     <span class='ocr_line' id='line_1_2' title="bbox 103 490 1293 608; baseline -0.002 -22"><span class='ocrx_word' id='word_1_10' title='bbox 103 519 199 586; x_wconf 90' lang='lat' dir='ltr'><strong>modo</strong></span> <span class='ocrx_word' id='word_1_11' title='bbox 238 517 472 608; x_wconf 78' lang='lat' dir='ltr'><strong>transponenda</strong></span> <span class='ocrx_word' id='word_1_12' title='bbox 511 541 577 585; x_wconf 87' lang='grc' dir='ltr'><strong>θεεθ</strong></span> <span class='ocrx_word' id='word_1_13' title='bbox 611 530 777 585; x_wconf 78' lang='lat' dir='ltr'><strong>censuerat</strong></span> <span class='ocrx_word' id='word_1_14' title='bbox 808 518 877 598; x_wconf 84' lang='lat' dir='ltr'><strong>ille3</strong></span> <span class='ocrx_word' id='word_1_15' title='bbox 910 490 1041 583; x_wconf 80' lang='lat' dir='ltr'><strong>offendit</strong></span> <span class='ocrx_word' id='word_1_16' title='bbox 1071 516 1181 583; x_wconf 80' lang='lat' dir='ltr'><strong>saltem</strong></span> <span class='ocrx_word' id='word_1_17' title='bbox 1216 518 1293 584; x_wconf 89' lang='lat' dir='ltr'><strong>ordo</strong></span> 
     </span>
     <span class='ocr_line' id='line_1_3' title="bbox 105 636 1293 728; baseline -0.003 -21"><span class='ocrx_word' id='word_1_18' title='bbox 105 663 236 719; x_wconf 90' lang='lat' dir='ltr'><strong>eorum,</strong></span> <span class='ocrx_word' id='word_1_19' title='bbox 260 638 399 728; x_wconf 91' lang='lat' dir='ltr'><strong>denique</strong></span> <span class='ocrx_word' id='word_1_20' title='bbox 421 640 483 705; x_wconf 82' lang='lat' dir='ltr'><strong>nisi</strong></span> <span class='ocrx_word' id='word_1_21' title='bbox 501 639 595 705; x_wconf 89' lang='lat' dir='ltr'><strong>nimis</strong></span> <span class='ocrx_word' id='word_1_22' title='bbox 611 639 777 704; x_wconf 74' lang='lat' dir='ltr'><strong>temerarie</strong></span> <span class='ocrx_word' id='word_1_23' title='bbox 796 651 952 728; x_wconf 76' lang='lat' dir='ltr'><strong>expuncta</strong></span> <span class='ocrx_word' id='word_1_24' title='bbox 974 636 1171 717; x_wconf 83' lang='lat' dir='ltr'><strong>viderentur,</strong></span> <span class='ocrx_word' id='word_1_25' title='bbox 1193 639 1293 706; x_wconf 88' lang='lat' dir='ltr'><strong>liben-</strong></span> 
     </span>
     <span class='ocr_line' id='line_1_4' title="bbox 105 759 897 850; baseline -0.003 -24"><span class='ocrx_word' id='word_1_26' title='bbox 105 773 157 826; x_wconf 90' lang='lat' dir='ltr'><strong>ter</strong></span> <span class='ocrx_word' id='word_1_27' title='bbox 179 759 337 826; x_wconf 76' lang='lat' dir='ltr'><strong>secundae</strong></span> <span class='ocrx_word' id='word_1_28' title='bbox 359 782 472 825; x_wconf 79' lang='lat' dir='ltr'><strong>monuo</strong></span> <span class='ocrx_word' id='word_1_29' title='bbox 495 759 675 850; x_wconf 86' lang='lat' dir='ltr'><strong>exemplum</strong></span> <span class='ocrx_word' id='word_1_30' title='bbox 698 782 856 848; x_wconf 89' lang='lat' dir='ltr'><strong>sequerer.</strong></span> <span class='ocrx_word' id='word_1_31' title='bbox 894 790 897 795; x_wconf 95' lang='lat'>·</span> 
     </span>
    </p>
   </div>
   <div class='ocr_carea' id='block_1_3' title="bbox 108 999 1317 2393">
    <p class='ocr_par' dir='ltr' id='par_1_3' title="bbox 108 999 1317 2393">
     <span class='ocr_line' id='line_1_5' title="bbox 153 999 1294 1088; baseline -0.004 -20"><span class='ocrx_word' id='word_1_32' title='bbox 153 1001 237 1069; x_wconf 80' lang='lat' dir='ltr'><strong>Ibid.</strong></span> <span class='ocrx_word' id='word_1_33' title='bbox 285 1002 344 1068; x_wconf 68' lang='lat' dir='ltr'><strong>da</strong></span> <span class='ocrx_word' id='word_1_34' title='bbox 377 1010 459 1066; x_wconf 77' lang='lat' dir='ltr'><strong>suot</strong></span> <span class='ocrx_word' id='word_1_35' title='bbox 491 1005 580 1066; x_wconf 80' lang='lat' dir='ltr'><strong>enim</strong></span> <span class='ocrx_word' id='word_1_36' title='bbox 611 1001 744 1066; x_wconf 76' lang='lat' dir='ltr'><strong>demum</strong></span> <span class='ocrx_word' id='word_1_37' title='bbox 772 1025 840 1066; x_wconf 80' lang='lat' dir='ltr'><strong>non</strong></span> <span class='ocrx_word' id='word_1_38' title='bbox 855 999 1012 1088; x_wconf 83' lang='lat' dir='ltr'><strong>ferenda</strong></span> <span class='ocrx_word' id='word_1_39' title='bbox 1037 1004 1076 1065; x_wconf 78' lang='lat' dir='ltr'><strong>in</strong></span> <span class='ocrx_word' id='word_1_40' title='bbox 1095 1000 1294 1078; x_wconf 73' lang='lat' dir='ltr'><strong>mendacio,</strong></span> 
     </span>
     <span class='ocr_line' id='line_1_6' title="bbox 108 1120 1297 1214; baseline -0.003 -26"><span class='ocrx_word' id='word_1_41' title='bbox 108 1146 198 1214; x_wconf 82' lang='lat' dir='ltr'><strong>quac</strong></span> <span class='ocrx_word' id='word_1_42' title='bbox 229 1145 297 1188; x_wconf 81' lang='lat' dir='ltr'><strong>raon</strong></span> <span class='ocrx_word' id='word_1_43' title='bbox 326 1123 434 1187; x_wconf 80' lang='lat' dir='ltr'><strong>solum</strong></span> <span class='ocrx_word' id='word_1_44' title='bbox 458 1121 566 1210; x_wconf 77' lang='lat' dir='ltr'><strong>saeta</strong></span> <span class='ocrx_word' id='word_1_45' title='bbox 598 1143 693 1200; x_wconf 78' lang='lat' dir='ltr'><strong>ecoe,</strong></span> <span class='ocrx_word' id='word_1_46' title='bbox 718 1120 783 1186; x_wconf 77' lang='lat' dir='ltr'><strong>ced</strong></span> <span class='ocrx_word' id='word_1_47' title='bbox 805 1144 848 1186; x_wconf 76' lang='lat' dir='ltr'><strong>rte</strong></span> <span class='ocrx_word' id='word_1_48' title='bbox 869 1121 953 1198; x_wconf 76' lang='lat' dir='ltr'><strong>fieri</strong></span> <span class='ocrx_word' id='word_1_49' title='bbox 978 1120 1117 1210; x_wconf 82' lang='lat' dir='ltr'><strong>quidem</strong></span> <span class='ocrx_word' id='word_1_50' title='bbox 1133 1124 1297 1210; x_wconf 72' lang='lat' dir='ltr'><strong>potuisse</strong></span> 
     </span>
     <span class='ocr_line' id='line_1_7' title="bbox 109 1238 1297 1331; baseline -0.003 -22"><span class='ocrx_word' id='word_1_51' title='bbox 109 1247 294 1309; x_wconf 69' lang='lat' dir='ltr'><strong>emimus.</strong></span> <span class='ocrx_word' id='word_1_52' title='bbox 344 1239 482 1308; x_wconf 74' lang='lat' dir='ltr'><strong>«codex</strong></span> <span class='ocrx_word' id='word_1_53' title='bbox 512 1242 615 1331; x_wconf 84' lang='lat' dir='ltr'><strong>prima</strong></span> <span class='ocrx_word' id='word_1_54' title='bbox 637 1265 735 1307; x_wconf 86' lang='lat' dir='ltr'><strong>manu</strong></span> <span class='ocrx_word' id='word_1_55' title='bbox 751 1241 879 1330; x_wconf 80' lang='lat' dir='ltr'><strong>faeta,</strong></span> <span class='ocrx_word' id='word_1_56' title='bbox 905 1238 1043 1306; x_wconf 84' lang='lat' dir='ltr'><strong>secunde</strong></span> <span class='ocrx_word' id='word_1_57' title='bbox 1058 1239 1204 1326; x_wconf 83' lang='lat' dir='ltr'><strong>falco.»</strong></span> <span class='ocrx_word' id='word_1_58' title='bbox 1227 1241 1297 1306; x_wconf 84' lang='lat' dir='ltr'><strong>Ma·</strong></span> 
     </span>
     <span class='ocr_line' id='line_1_8' title="bbox 109 1361 1296 1450; baseline -0.003 -22"><span class='ocrx_word' id='word_1_59' title='bbox 109 1365 173 1443; x_wconf 83' lang='lat' dir='ltr'><strong>ius3</strong></span> <span class='ocrx_word' id='word_1_60' title='bbox 210 1361 297 1428; x_wconf 85' lang='lat' dir='ltr'><strong>haud</strong></span> <span class='ocrx_word' id='word_1_61' title='bbox 324 1363 369 1428; x_wconf 84' lang='lat' dir='ltr'><strong>ite</strong></span> <span class='ocrx_word' id='word_1_62' title='bbox 400 1362 494 1427; x_wconf 83' lang='lat' dir='ltr'><strong>facile</strong></span> <span class='ocrx_word' id='word_1_63' title='bbox 526 1361 713 1428; x_wconf 81' lang='lat' dir='ltr'><strong>crediderim</strong></span> <span class='ocrx_word' id='word_1_64' title='bbox 743 1362 862 1428; x_wconf 83' lang='lat' dir='ltr'><strong>Maium</strong></span> <span class='ocrx_word' id='word_1_65' title='bbox 886 1361 991 1450; x_wconf 77' lang='lat' dir='ltr'><strong>legere</strong></span> <span class='ocrx_word' id='word_1_66' title='bbox 1014 1361 1153 1448; x_wconf 85' lang='lat' dir='ltr'><strong>potuisse</strong></span> <span class='ocrx_word' id='word_1_67' title='bbox 1168 1361 1296 1448; x_wconf 75' lang='lat' dir='ltr'><em>falsa,</em></span> 
     </span>
     <span class='ocr_line' id='line_1_9' title="bbox 111 1480 1299 1571; baseline 0.001 -24"><span class='ocrx_word' id='word_1_68' title='bbox 111 1506 186 1548; x_wconf 90' lang='lat' dir='ltr'><strong>nam</strong></span> <span class='ocrx_word' id='word_1_69' title='bbox 215 1481 284 1548; x_wconf 67' lang='lat' dir='ltr'><strong>⁴hoo</strong></span> <span class='ocrx_word' id='word_1_70' title='bbox 318 1504 383 1546; x_wconf 89' lang='lat' dir='ltr'><strong>non</strong></span> <span class='ocrx_word' id='word_1_71' title='bbox 418 1482 578 1559; x_wconf 88' lang='lat' dir='ltr'><strong>cernitur,</strong></span> <span class='ocrx_word' id='word_1_72' title='bbox 614 1503 674 1547; x_wconf 89' lang='lat' dir='ltr'><strong>neo</strong></span> <span class='ocrx_word' id='word_1_73' title='bbox 707 1504 744 1547; x_wconf 81' lang='lat' dir='ltr'><strong>ex</strong></span> <span class='ocrx_word' id='word_1_74' title='bbox 776 1480 945 1571; x_wconf 70' lang='lat' dir='ltr'><strong>Augustini</strong></span> <span class='ocrx_word' id='word_1_75' title='bbox 980 1480 1194 1545; x_wconf 76' lang='lat' dir='ltr'><strong>desiderium</strong></span> <span class='ocrx_word' id='word_1_76' title='bbox 1218 1481 1299 1548; x_wconf 91' lang='lat' dir='ltr'><strong>illud</strong></span> 
     </span>
     <span class='ocr_line' id='line_1_10' title="bbox 109 1599 1303 1697; baseline -0.003 -27"><span class='ocrx_word' id='word_1_77' title='bbox 109 1603 262 1693; x_wconf 77' lang='lat' dir='ltr'><strong>expiscari</strong></span> <span class='ocrx_word' id='word_1_78' title='bbox 292 1602 409 1692; x_wconf 84' lang='lat' dir='ltr'><strong>potuit3</strong></span> <span class='ocrx_word' id='word_1_79' title='bbox 442 1601 582 1691; x_wconf 91' lang='lat' dir='ltr'><strong>denique</strong></span> <span class='ocrx_word' id='word_1_80' title='bbox 612 1601 748 1692; x_wconf 86' lang='lat' dir='ltr'><strong>simplici</strong></span> <span class='ocrx_word' id='word_1_81' title='bbox 769 1601 863 1667; x_wconf 93' lang='lat' dir='ltr'><strong>modo</strong></span> <span class='ocrx_word' id='word_1_82' title='bbox 887 1613 1046 1668; x_wconf 90' lang='lat' dir='ltr'><strong>correctus</strong></span> <span class='ocrx_word' id='word_1_83' title='bbox 1066 1613 1113 1667; x_wconf 88' lang='lat' dir='ltr'><strong>est</strong></span> <span class='ocrx_word' id='word_1_84' title='bbox 1136 1599 1226 1666; x_wconf 85' lang='lat' dir='ltr'><strong>hicce</strong></span> <span class='ocrx_word' id='word_1_85' title='bbox 1248 1600 1303 1697; x_wconf 20' lang='lat' dir='ltr'><strong>lo·-</strong></span> 
     </span>
     <span class='ocr_line' id='line_1_11' title="bbox 109 1688 1317 1813; baseline -0.003 -23"><span class='ocrx_word' id='word_1_86' title='bbox 109 1745 185 1802; x_wconf 85' lang='lat' dir='ltr'><strong>cus,</strong></span> <span class='ocrx_word' id='word_1_87' title='bbox 220 1744 296 1789; x_wconf 85' lang='lat' dir='ltr'><strong>nom</strong></span> <span class='ocrx_word' id='word_1_88' title='bbox 327 1726 344 1786; x_wconf 77' lang='grc' dir='ltr'><strong>ι’</strong></span> <span class='ocrx_word' id='word_1_89' title='bbox 373 1722 607 1813; x_wconf 83' lang='lat' dir='ltr'><strong>suprascribeno</strong></span> <span class='ocrx_word' id='word_1_90' title='bbox 637 1745 674 1788; x_wconf 81' lang='lat' dir='ltr'><strong>ex</strong></span> <span class='ocrx_word' id='word_1_91' title='bbox 695 1722 804 1809; x_wconf 83' lang='lat' dir='ltr'><strong>facto</strong></span> <span class='ocrx_word' id='word_1_92' title='bbox 833 1721 910 1788; x_wconf 86' lang='lat' dir='ltr'><strong>fecit</strong></span> <span class='ocrx_word' id='word_1_93' title='bbox 933 1721 1031 1787; x_wconf 82' lang='lat' dir='ltr'><strong>altera</strong></span> <span class='ocrx_word' id='word_1_94' title='bbox 1054 1744 1167 1786; x_wconf 80' lang='lat' dir='ltr'><strong>manue</strong></span> <span class='ocrx_word' id='word_1_95' title='bbox 1180 1688 1317 1809; x_wconf 44' lang='lat' dir='ltr'><strong>fictas</strong></span> 
     </span>
     <span class='ocr_line' id='line_1_12' title="bbox 111 1841 1298 1933; baseline 0.002 -25"><span class='ocrx_word' id='word_1_96' title='bbox 111 1866 195 1933; x_wconf 83' lang='lat' dir='ltr'><strong>quae</strong></span> <span class='ocrx_word' id='word_1_97' title='bbox 224 1841 404 1909; x_wconf 78' lang='lat' dir='ltr'><strong>emendatio</strong></span> <span class='ocrx_word' id='word_1_98' title='bbox 432 1842 555 1909; x_wconf 83' lang='lat' dir='ltr'><strong>etiamsi</strong></span> <span class='ocrx_word' id='word_1_99' title='bbox 585 1843 734 1933; x_wconf 84' lang='lat' dir='ltr'><strong>speciose.</strong></span> <span class='ocrx_word' id='word_1_100' title='bbox 754 1865 819 1907; x_wconf 92' lang='lat' dir='ltr'><strong>non</strong></span> <span class='ocrx_word' id='word_1_101' title='bbox 849 1841 1033 1931; x_wconf 82' lang='lat' dir='ltr'><strong>accipienda</strong></span> <span class='ocrx_word' id='word_1_102' title='bbox 1056 1842 1198 1920; x_wconf 86' lang='lat' dir='ltr'><strong>ridetur,</strong></span> <span class='ocrx_word' id='word_1_103' title='bbox 1223 1865 1298 1910; x_wconf 84' lang='lat' dir='ltr'><strong>nom</strong></span> 
     </span>
     <span class='ocr_line' id='line_1_13' title="bbox 110 1961 1298 2054; baseline 0.001 -24"><span class='ocrx_word' id='word_1_104' title='bbox 110 1975 323 2031; x_wconf 80' lang='lat' dir='ltr'><strong>correctorem</strong></span> <span class='ocrx_word' id='word_1_105' title='bbox 351 1962 491 2042; x_wconf 82' lang='lat' dir='ltr'><strong>latebat,</strong></span> <span class='ocrx_word' id='word_1_106' title='bbox 522 1964 654 2054; x_wconf 89' lang='lat' dir='ltr'><strong>opinor,</strong></span> <span class='ocrx_word' id='word_1_107' title='bbox 685 1965 902 2053; x_wconf 79' lang='lat' dir='ltr'><strong>negotionem·</strong></span> <span class='ocrx_word' id='word_1_108' title='bbox 920 1964 954 2028; x_wconf 92' lang='lat' dir='ltr'><strong>in</strong></span> <span class='ocrx_word' id='word_1_109' title='bbox 988 1961 1208 2031; x_wconf 74' lang='lat' dir='ltr'><strong>huiuscemodi</strong></span> <span class='ocrx_word' id='word_1_110' title='bbox 1230 1963 1298 2031; x_wconf 91' lang='lat' dir='ltr'><strong>dio-</strong></span> 
     </span>
     <span class='ocr_line' id='line_1_14' title="bbox 110 2080 1299 2173; baseline 0 -23"><span class='ocrx_word' id='word_1_111' title='bbox 110 2085 250 2150; x_wconf 89' lang='lat' dir='ltr'><strong>tionibus</strong></span> <span class='ocrx_word' id='word_1_112' title='bbox 274 2083 482 2173; x_wconf 80' lang='lat' dir='ltr'><strong>subintelligi3</strong></span> <span class='ocrx_word' id='word_1_113' title='bbox 515 2107 579 2173; x_wconf 84' lang='lat' dir='ltr'><strong>qun</strong></span> <span class='ocrx_word' id='word_1_114' title='bbox 602 2084 699 2150; x_wconf 89' lang='lat' dir='ltr'><strong>dere</strong></span> <span class='ocrx_word' id='word_1_115' title='bbox 722 2082 859 2150; x_wconf 88' lang='lat' dir='ltr'><strong>conferri</strong></span> <span class='ocrx_word' id='word_1_116' title='bbox 876 2095 979 2173; x_wconf 83' lang='lat' dir='ltr'><strong>potest</strong></span> <span class='ocrx_word' id='word_1_117' title='bbox 1000 2080 1121 2150; x_wconf 83' lang='lat' dir='ltr'><strong>Osanni</strong></span> <span class='ocrx_word' id='word_1_118' title='bbox 1141 2084 1299 2152; x_wconf 67' lang='lat' dir='ltr'><strong>mensus</strong></span> 
     </span>
     <span class='ocr_line' id='line_1_15' title="bbox 112 2203 1300 2294; baseline 0.002 -23"><span class='ocrx_word' id='word_1_119' title='bbox 112 2225 210 2272; x_wconf 81' lang='lat' dir='ltr'><strong>xrm.</strong></span> <span class='ocrx_word' id='word_1_120' title='bbox 258 2205 487 2271; x_wconf 83' lang='lat' dir='ltr'><strong>Grammaticos</strong></span> <span class='ocrx_word' id='word_1_121' title='bbox 511 2204 550 2271; x_wconf 87' lang='lat' dir='ltr'><strong>de</strong></span> <span class='ocrx_word' id='word_1_122' title='bbox 573 2205 668 2271; x_wconf 87' lang='lat' dir='ltr'><strong>huius</strong></span> <span class='ocrx_word' id='word_1_123' title='bbox 691 2205 754 2270; x_wconf 91' lang='lat' dir='ltr'><strong>loci</strong></span> <span class='ocrx_word' id='word_1_124' title='bbox 777 2205 932 2294; x_wconf 85' lang='lat' dir='ltr'><strong>scripturo</strong></span> <span class='ocrx_word' id='word_1_125' title='bbox 951 2203 1144 2270; x_wconf 80' lang='lat' dir='ltr'><strong>iudicaturos</strong></span> <span class='ocrx_word' id='word_1_126' title='bbox 1163 2207 1300 2272; x_wconf 85' lang='lat' dir='ltr'><strong>monitos</strong></span> 
     </span>
     <span class='ocr_line' id='line_1_16' title="bbox 113 2324 1184 2393; baseline -0.001 0"><span class='ocrx_word' id='word_1_127' title='bbox 113 2326 208 2393; x_wconf 78' lang='lat' dir='ltr'><strong>velim</strong></span> <span class='ocrx_word' id='word_1_128' title='bbox 231 2324 364 2393; x_wconf 72' lang='lat' dir='ltr'><strong>verbum</strong></span> <span class='ocrx_word' id='word_1_129' title='bbox 386 2348 462 2392; x_wconf 80' lang='lat' dir='ltr'><strong>eoae</strong></span> <span class='ocrx_word' id='word_1_130' title='bbox 484 2325 594 2393; x_wconf 85' lang='lat' dir='ltr'><strong>itidem</strong></span> <span class='ocrx_word' id='word_1_131' title='bbox 618 2349 636 2390; x_wconf 83' lang='lat' dir='ltr'>a</span> <span class='ocrx_word' id='word_1_132' title='bbox 659 2324 797 2392; x_wconf 84' lang='lat' dir='ltr'><strong>secundo</strong></span> <span class='ocrx_word' id='word_1_133' title='bbox 819 2348 917 2391; x_wconf 76' lang='lat' dir='ltr'><strong>manu</strong></span> <span class='ocrx_word' id='word_1_134' title='bbox 940 2349 1006 2391; x_wconf 87' lang='lat' dir='ltr'><strong>esse</strong></span> <span class='ocrx_word' id='word_1_135' title='bbox 1030 2324 1184 2392; x_wconf 83' lang='lat' dir='ltr'><strong>additum.</strong></span> 
     </span>
    </p>
   </div>
   <div class='ocr_carea' id='block_1_4' title="bbox 112 2564 1302 3259">
    <p class='ocr_par' dir='ltr' id='par_1_4' title="bbox 112 2564 1302 3259">
     <span class='ocr_line' id='line_1_17' title="bbox 158 2564 1301 2656; baseline -0.001 -22"><span class='ocrx_word' id='word_1_136' title='bbox 158 2565 246 2635; x_wconf 78' lang='lat' dir='ltr'><strong>XVI.</strong></span> <span class='ocrx_word' id='word_1_137' title='bbox 274 2569 291 2651; x_wconf 88' lang='lat'>§</span> <span class='ocrx_word' id='word_1_138' title='bbox 319 2569 374 2633; x_wconf 77' lang='lat'><strong>30.</strong></span> <span class='ocrx_word' id='word_1_139' title='bbox 420 2566 541 2633; x_wconf 83' lang='lat' dir='ltr'><strong>Multa</strong></span> <span class='ocrx_word' id='word_1_140' title='bbox 565 2567 745 2655; x_wconf 73' lang='lat' dir='ltr'><strong>intelliges</strong></span> <span class='ocrx_word' id='word_1_141' title='bbox 768 2569 876 2630; x_wconf 82' lang='lat' dir='ltr'><strong>etiam</strong></span> <span class='ocrx_word' id='word_1_142' title='bbox 898 2564 1044 2630; x_wconf 81' lang='lat' dir='ltr'><strong>aliunde</strong></span> <span class='ocrx_word' id='word_1_143' title='bbox 1067 2575 1206 2656; x_wconf 75' lang='lat' dir='ltr'><strong>compta</strong></span> <span class='ocrx_word' id='word_1_144' title='bbox 1232 2590 1301 2633; x_wconf 73' lang='lat' dir='ltr'><strong>me-</strong></span> 
     </span>
     <span class='ocr_line' id='line_1_18' title="bbox 115 2685 1301 2778; baseline 0.001 -26"><span class='ocrx_word' id='word_1_145' title='bbox 115 2690 209 2755; x_wconf 78' lang='lat' dir='ltr'><strong>liora</strong></span> <span class='ocrx_word' id='word_1_146' title='bbox 233 2686 331 2778; x_wconf 78' lang='lat' dir='ltr'><strong>apud</strong></span> <span class='ocrx_word' id='word_1_147' title='bbox 352 2710 415 2752; x_wconf 79' lang='lat' dir='ltr'><strong>noe</strong></span> <span class='ocrx_word' id='word_1_148' title='bbox 437 2688 544 2752; x_wconf 80' lang='lat' dir='ltr'><strong>multo</strong></span> <span class='ocrx_word' id='word_1_149' title='bbox 568 2709 644 2753; x_wconf 81' lang='lat' dir='ltr'><strong>eece</strong></span> <span class='ocrx_word' id='word_1_150' title='bbox 654 2686 784 2773; x_wconf 82' lang='lat' dir='ltr'><strong>faeta,</strong></span> <span class='ocrx_word' id='word_1_151' title='bbox 816 2709 919 2775; x_wconf 79' lang='lat' dir='ltr'><strong>qoam</strong></span> <span class='ocrx_word' id='word_1_152' title='bbox 943 2686 993 2750; x_wconf 69' lang='lat' dir='ltr'><strong>ita·</strong></span> <span class='ocrx_word' id='word_1_153' title='bbox 1006 2685 1186 2772; x_wconf 77' lang='lat' dir='ltr'><strong>fatiscent,</strong></span> <span class='ocrx_word' id='word_1_154' title='bbox 1210 2688 1301 2754; x_wconf 81' lang='lat' dir='ltr'><strong>unde</strong></span> 
     </span>
     <span class='ocr_line' id='line_1_19' title="bbox 116 2804 1302 2894; baseline -0.001 -19"><span class='ocrx_word' id='word_1_155' title='bbox 116 2811 182 2875; x_wconf 78' lang='lat' dir='ltr'><strong>huc</strong></span> <span class='ocrx_word' id='word_1_156' title='bbox 211 2809 396 2873; x_wconf 72' lang='lat' dir='ltr'><strong>translata</strong></span> <span class='ocrx_word' id='word_1_157' title='bbox 423 2816 551 2874; x_wconf 73' lang='lat' dir='ltr'><strong>creent.</strong></span> <span class='ocrx_word' id='word_1_158' title='bbox 601 2807 739 2874; x_wconf 84' lang='lat' dir='ltr'><strong>Vitiosee</strong></span> <span class='ocrx_word' id='word_1_159' title='bbox 763 2804 879 2872; x_wconf 89' lang='lat' dir='ltr'><strong>codicis</strong></span> <span class='ocrx_word' id='word_1_160' title='bbox 904 2804 1080 2894; x_wconf 74' lang='lat' dir='ltr'><strong>scriptionis</strong></span> <span class='ocrx_word' id='word_1_161' title='bbox 1108 2807 1178 2870; x_wconf 75' lang='lat' dir='ltr'><strong><em>sibi</em></strong></span> <span class='ocrx_word' id='word_1_162' title='bbox 1200 2807 1302 2874; x_wconf 81' lang='lat' dir='ltr'><strong>Mariua</strong></span> 
     </span>
     <span class='ocr_line' id='line_1_20' title="bbox 116 2923 1302 3008; baseline -0.002 -13"><span class='ocrx_word' id='word_1_163' title='bbox 116 2929 343 2995; x_wconf 87' lang='lat' dir='ltr'><strong>correctionem</strong></span> <span class='ocrx_word' id='word_1_164' title='bbox 378 2928 439 2995; x_wconf 89' lang='lat' dir='ltr'><strong>sibi</strong></span> <span class='ocrx_word' id='word_1_165' title='bbox 475 2928 627 3008; x_wconf 60' lang='lat' dir='ltr'><strong>vindicam</strong></span> <span class='ocrx_word' id='word_1_166' title='bbox 668 2941 715 2995; x_wconf 88' lang='lat' dir='ltr'><strong>est</strong></span> <span class='ocrx_word' id='word_1_167' title='bbox 745 2939 852 2992; x_wconf 83' lang='lat' dir='ltr'><strong>eutem</strong></span> <span class='ocrx_word' id='word_1_168' title='bbox 881 2923 1036 2991; x_wconf 86' lang='lat' dir='ltr'><strong>secundae</strong></span> <span class='ocrx_word' id='word_1_169' title='bbox 1066 2949 1197 3007; x_wconf 78' lang='lat' dir='ltr'><strong>manus,</strong></span> <span class='ocrx_word' id='word_1_170' title='bbox 1227 2951 1302 2994; x_wconf 84' lang='lat' dir='ltr'><strong>nom</strong></span> 
     </span>
     <span class='ocr_line' id='line_1_21' title="bbox 112 3048 1302 3140; baseline 0 -24"><span class='ocrx_word' id='word_1_171' title='bbox 112 3051 219 3116; x_wconf 82' lang='lat' dir='ltr'><strong>littere</strong></span> <span class='ocrx_word' id='word_1_172' title='bbox 244 3073 262 3114; x_wconf 85' lang='grc' dir='ltr'><strong>ε</strong></span> <span class='ocrx_word' id='word_1_173' title='bbox 285 3049 402 3114; x_wconf 80' lang='lat' dir='ltr'><strong>lineola</strong></span> <span class='ocrx_word' id='word_1_174' title='bbox 425 3061 533 3115; x_wconf 79' lang='lat' dir='ltr'><strong>notata</strong></span> <span class='ocrx_word' id='word_1_175' title='bbox 556 3073 621 3116; x_wconf 89' lang='lat' dir='ltr'><strong>esse</strong></span> <span class='ocrx_word' id='word_1_176' title='bbox 640 3062 789 3140; x_wconf 81' lang='lat' dir='ltr'><strong>apparet,</strong></span> <span class='ocrx_word' id='word_1_177' title='bbox 811 3049 900 3137; x_wconf 82' lang='lat' dir='ltr'><strong>etqui</strong></span> <span class='ocrx_word' id='word_1_178' title='bbox 919 3071 984 3113; x_wconf 91' lang='lat' dir='ltr'><strong>non</strong></span> <span class='ocrx_word' id='word_1_179' title='bbox 1003 3060 1049 3113; x_wconf 89' lang='lat' dir='ltr'><strong>est</strong></span> <span class='ocrx_word' id='word_1_180' title='bbox 1069 3048 1302 3116; x_wconf 88' lang='lat' dir='ltr'><strong>subsistendum</strong></span> 
     </span>
     <span class='ocr_line' id='line_1_22' title="bbox 114 3169 1097 3259; baseline -0.001 -22"><span class='ocrx_word' id='word_1_181' title='bbox 114 3173 148 3238; x_wconf 91' lang='lat' dir='ltr'><strong>in</strong></span> <span class='ocrx_word' id='word_1_182' title='bbox 173 3170 251 3239; x_wconf 78' lang='lat' dir='ltr'><strong>Maii</strong></span> <span class='ocrx_word' id='word_1_183' title='bbox 273 3171 456 3237; x_wconf 83' lang='lat' dir='ltr'><strong>coniectura</strong></span> <span class='ocrx_word' id='word_1_184' title='bbox 480 3175 516 3236; x_wconf 81' lang='lat' dir='ltr'><strong>ci</strong></span> <span class='ocrx_word' id='word_1_185' title='bbox 539 3172 589 3236; x_wconf 80' lang='lat' dir='ltr'><strong>ibi</strong></span> <span class='ocrx_word' id='word_1_186' title='bbox 612 3195 630 3237; x_wconf 84' lang='lat' dir='ltr'><strong>e</strong></span> <span class='ocrx_word' id='word_1_187' title='bbox 653 3172 777 3238; x_wconf 86' lang='lat' dir='ltr'><strong>Mosero</strong></span> <span class='ocrx_word' id='word_1_188' title='bbox 801 3182 886 3236; x_wconf 87' lang='lat' dir='ltr'><strong>recte</strong></span> <span class='ocrx_word' id='word_1_189' title='bbox 908 3169 1097 3259; x_wconf 83' lang='lat' dir='ltr'><strong>improbata.</strong></span> 
     </span>
    </p>
   </div>
   <div class='ocr_carea' id='block_1_5' title="bbox 89 3412 1308 4228">
    <p class='ocr_par' dir='ltr' id='par_1_5' title="bbox 89 3412 1308 4228">
     <span class='ocr_line' id='line_1_23' title="bbox 184 3412 1307 3506; baseline -0.002 -27"><span class='ocrx_word' id='word_1_190' title='bbox 184 3412 268 3479; x_wconf 88' lang='lat' dir='ltr'><strong>Ibid.</strong></span> <span class='ocrx_word' id='word_1_191' title='bbox 317 3412 505 3503; x_wconf 67' lang='lat' dir='ltr'><strong>Intelleges</strong></span> <span class='ocrx_word' id='word_1_192' title='bbox 539 3436 607 3477; x_wconf 78' lang='lat' dir='ltr'><strong>nort</strong></span> <span class='ocrx_word' id='word_1_193' title='bbox 629 3412 787 3499; x_wconf 81' lang='lat' dir='ltr'><strong>fortuito</strong></span> <span class='ocrx_word' id='word_1_194' title='bbox 811 3418 981 3506; x_wconf 77' lang='lat' dir='ltr'><strong>populum</strong></span> <span class='ocrx_word' id='word_1_195' title='bbox 1004 3414 1215 3491; x_wconf 79' lang='lat' dir='ltr'><strong>Romanum,</strong></span> <span class='ocrx_word' id='word_1_196' title='bbox 1242 3413 1307 3478; x_wconf 81' lang='lat' dir='ltr'><strong>aed</strong></span> 
     </span>
     <span class='ocr_line' id='line_1_24' title="bbox 116 3532 1305 3624; baseline -0.002 -23"><span class='ocrx_word' id='word_1_197' title='bbox 116 3534 266 3601; x_wconf 71' lang='lat' dir='ltr'><strong>oonsilio</strong></span> <span class='ocrx_word' id='word_1_198' title='bbox 296 3542 330 3598; x_wconf 83' lang='lat' dir='ltr'><strong>et</strong></span> <span class='ocrx_word' id='word_1_199' title='bbox 353 3533 548 3624; x_wconf 65' lang='lat' dir='ltr'><strong>diocrplina</strong></span> <span class='ocrx_word' id='word_1_200' title='bbox 572 3532 811 3620; x_wconf 83' lang='lat' dir='ltr'><strong>confirmatum</strong></span> <span class='ocrx_word' id='word_1_201' title='bbox 834 3556 931 3614; x_wconf 81' lang='lat' dir='ltr'><strong>ecoe,</strong></span> <span class='ocrx_word' id='word_1_202' title='bbox 956 3558 1017 3600; x_wconf 83' lang='lat' dir='ltr'><strong>nec</strong></span> <span class='ocrx_word' id='word_1_203' title='bbox 1039 3543 1154 3598; x_wconf 84' lang='lat' dir='ltr'><strong>tomen</strong></span> <span class='ocrx_word' id='word_1_204' title='bbox 1179 3534 1305 3599; x_wconf 83' lang='lat' dir='ltr'><strong>adver·</strong></span> 
     </span>
     <span class='ocr_line' id='line_1_25' title="bbox 117 3652 1306 3741; baseline 0 -20"><span class='ocrx_word' id='word_1_205' title='bbox 117 3664 221 3721; x_wconf 79' lang='lat' dir='ltr'><strong>eante</strong></span> <span class='ocrx_word' id='word_1_206' title='bbox 233 3654 398 3741; x_wconf 79' lang='lat' dir='ltr'><strong>fortuna.</strong></span> <span class='ocrx_word' id='word_1_207' title='bbox 430 3652 800 3740; x_wconf 52' lang='lat' dir='ltr'><strong>«1Goderfortunom.&gt;›</strong></span> <span class='ocrx_word' id='word_1_208' title='bbox 825 3654 940 3736; x_wconf 83' lang='lat' dir='ltr'><strong>Maius3</strong></span> <span class='ocrx_word' id='word_1_209' title='bbox 967 3656 1032 3733; x_wconf 83' lang='lat' dir='ltr'><strong>ite,</strong></span> <span class='ocrx_word' id='word_1_210' title='bbox 1058 3653 1112 3720; x_wconf 91' lang='lat' dir='ltr'><strong>sed</strong></span> <span class='ocrx_word' id='word_1_211' title='bbox 1134 3678 1199 3720; x_wconf 88' lang='lat' dir='ltr'><strong>non</strong></span> <span class='ocrx_word' id='word_1_212' title='bbox 1219 3655 1306 3722; x_wconf 81' lang='lat' dir='ltr'><strong>deest</strong></span> 
     </span>
     <span class='ocr_line' id='line_1_26' title="bbox 89 3774 1305 3869; baseline -0.002 -26"><span class='ocrx_word' id='word_1_213' title='bbox 89 3861 93 3869; x_wconf 30' lang='grc' dir='ltr'><strong><em>Ι</em></strong></span> <span class='ocrx_word' id='word_1_214' title='bbox 118 3776 256 3855; x_wconf 75' lang='lat' dir='ltr'><strong>lineola,</strong></span> <span class='ocrx_word' id='word_1_215' title='bbox 289 3799 353 3864; x_wconf 83' lang='lat' dir='ltr'><strong>quo</strong></span> <span class='ocrx_word' id='word_1_216' title='bbox 375 3774 535 3841; x_wconf 86' lang='lat' dir='ltr'><strong>deleretur</strong></span> <span class='ocrx_word' id='word_1_217' title='bbox 557 3799 610 3854; x_wconf 87' lang='lat' dir='ltr'><strong>m,</strong></span> <span class='ocrx_word' id='word_1_218' title='bbox 634 3775 742 3840; x_wconf 78' lang='lat' dir='ltr'><strong>vitiose</strong></span> <span class='ocrx_word' id='word_1_219' title='bbox 765 3797 802 3840; x_wconf 86' lang='lat' dir='ltr'><strong>er</strong></span> <span class='ocrx_word' id='word_1_220' title='bbox 825 3777 970 3864; x_wconf 86' lang='lat' dir='ltr'><strong>sequenti</strong></span> <span class='ocrx_word' id='word_1_221' title='bbox 994 3775 1138 3841; x_wconf 82' lang='lat' dir='ltr'><strong>Mortuo</strong></span> <span class='ocrx_word' id='word_1_222' title='bbox 1157 3777 1305 3865; x_wconf 80' lang='lat' dir='ltr'><strong>repetito3</strong></span> 
     </span>
     <span class='ocr_line' id='line_1_27' title="bbox 117 3895 1304 3985; baseline 0 -22"><span class='ocrx_word' id='word_1_223' title='bbox 117 3898 182 3963; x_wconf 86' lang='lat' dir='ltr'><strong>iarn</strong></span> <span class='ocrx_word' id='word_1_224' title='bbox 204 3897 250 3962; x_wconf 84' lang='lat' dir='ltr'><strong>oio</strong></span> <span class='ocrx_word' id='word_1_225' title='bbox 273 3896 396 3961; x_wconf 91' lang='lat' dir='ltr'><strong>tollitur</strong></span> <span class='ocrx_word' id='word_1_226' title='bbox 415 3897 569 3985; x_wconf 80' lang='lat' dir='ltr'><strong>quaesti03</strong></span> <span class='ocrx_word' id='word_1_227' title='bbox 596 3919 671 3960; x_wconf 84' lang='lat' dir='ltr'><strong>nam</strong></span> <span class='ocrx_word' id='word_1_228' title='bbox 694 3895 793 3961; x_wconf 78' lang='lat' dir='ltr'><strong>Maius</strong></span> <span class='ocrx_word' id='word_1_229' title='bbox 816 3897 972 3975; x_wconf 91' lang='lat' dir='ltr'><strong>coniecit,</strong></span> <span class='ocrx_word' id='word_1_230' title='bbox 997 3896 1131 3985; x_wconf 82' lang='lat' dir='ltr'><strong>repetita</strong></span> <span class='ocrx_word' id='word_1_231' title='bbox 1154 3896 1304 3963; x_wconf 77' lang='lat' dir='ltr'><strong>vocabuli</strong></span> 
     </span>
     <span class='ocr_line' id='line_1_28' title="bbox 111 4015 1308 4107; baseline 0.002 -24"><span class='ocrx_word' id='word_1_232' title='bbox 111 4019 267 4107; x_wconf 75' lang='lat' dir='ltr'><strong>fortuna</strong></span> <span class='ocrx_word' id='word_1_233' title='bbox 300 4017 412 4083; x_wconf 84' lang='lat' dir='ltr'><strong>ultima</strong></span> <span class='ocrx_word' id='word_1_234' title='bbox 434 4015 555 4104; x_wconf 74' lang='lat' dir='ltr'>syllaba</span> <span class='ocrx_word' id='word_1_235' title='bbox 581 4019 746 4107; x_wconf 83' lang='lat' dir='ltr'><strong>sequentia</strong></span> <span class='ocrx_word' id='word_1_236' title='bbox 771 4041 828 4107; x_wconf 89' lang='lat' dir='ltr'><strong>per</strong></span> <span class='ocrx_word' id='word_1_237' title='bbox 851 4043 931 4083; x_wconf 81' lang='lat' dir='ltr'><strong>nam</strong></span> <span class='ocrx_word' id='word_1_238' title='bbox 955 4017 1028 4083; x_wconf 84' lang='lat' dir='ltr'><strong>sotis</strong></span> <span class='ocrx_word' id='word_1_239' title='bbox 1051 4018 1148 4082; x_wconf 89' lang='lat' dir='ltr'><strong>otiose</strong></span> <span class='ocrx_word' id='word_1_240' title='bbox 1171 4016 1308 4084; x_wconf 86' lang='lat' dir='ltr'><strong>subnec-</strong></span> 
     </span>
     <span class='ocr_line' id='line_1_29' title="bbox 119 4138 416 4228; baseline -0.013 -22"><span class='ocrx_word' id='word_1_241' title='bbox 119 4152 186 4206; x_wconf 87' lang='lat' dir='ltr'><strong>tere</strong></span> <span class='ocrx_word' id='word_1_242' title='bbox 209 4139 286 4205; x_wconf 88' lang='lat' dir='ltr'><strong>huie</strong></span> <span class='ocrx_word' id='word_1_243' title='bbox 310 4138 416 4228; x_wconf 82' lang='lat' dir='ltr'><strong>copiti.</strong></span> 
     </span>
    </p>
   </div>
   <div class='ocr_carea' id='block_1_6' title="bbox 122 4378 1308 4592">
    <p class='ocr_par' dir='ltr' id='par_1_6' title="bbox 122 4378 1308 4592">
     <span class='ocr_line' id='line_1_30' title="bbox 165 4378 1308 4470; baseline -0.001 -24"><span class='ocrx_word' id='word_1_244' title='bbox 165 4380 255 4447; x_wconf 85' lang='lat' dir='ltr'>XXI.</span> <span class='ocrx_word' id='word_1_245' title='bbox 290 4383 388 4465; x_wconf 67' lang='lat'><strong>537.</strong></span> <span class='ocrx_word' id='word_1_246' title='bbox 425 4378 516 4445; x_wconf 72' lang='lat' dir='ltr'><strong>Post</strong></span> <span class='ocrx_word' id='word_1_247' title='bbox 538 4401 612 4444; x_wconf 82' lang='lat' dir='ltr'><strong>cum</strong></span> <span class='ocrx_word' id='word_1_248' title='bbox 636 4380 756 4470; x_wconf 77' lang='lat' dir='ltr'><strong>(regem</strong></span> <span class='ocrx_word' id='word_1_249' title='bbox 784 4380 1005 4470; x_wconf 77' lang='lat' dir='ltr'><strong>Tarquinium)</strong></span> <span class='ocrx_word' id='word_1_250' title='bbox 1032 4379 1180 4446; x_wconf 76' lang='lat' dir='ltr'><strong>Servius</strong></span> <span class='ocrx_word' id='word_1_251' title='bbox 1205 4381 1308 4446; x_wconf 73' lang='lat' dir='ltr'><strong>*Tut-</strong></span> 
     </span>
     <span class='ocr_line' id='line_1_31' title="bbox 122 4499 1308 4592; baseline 0.001 -26"><span class='ocrx_word' id='word_1_252' title='bbox 122 4504 195 4568; x_wconf 78' lang='lat' dir='ltr'><strong>liuc</strong></span> <span class='ocrx_word' id='word_1_253' title='bbox 219 4504 363 4592; x_wconf 77' lang='lat' dir='ltr'><strong>primus</strong></span> <span class='ocrx_word' id='word_1_254' title='bbox 394 4504 533 4565; x_wconf 77' lang='lat' dir='ltr'><strong>iniussu</strong></span> <span class='ocrx_word' id='word_1_255' title='bbox 558 4501 687 4591; x_wconf 79' lang='lat' dir='ltr'><strong>populi</strong></span> <span class='ocrx_word' id='word_1_256' title='bbox 714 4505 920 4590; x_wconf 77' lang='lat' dir='ltr'><strong>regnavisse</strong></span> <span class='ocrx_word' id='word_1_257' title='bbox 948 4501 1121 4567; x_wconf 73' lang='lat' dir='ltr'><strong>traditur.</strong></span> <span class='ocrx_word' id='word_1_258' title='bbox 1170 4525 1192 4564; x_wconf 91' lang='grc'>«</span> <span class='ocrx_word' id='word_1_259' title='bbox 1204 4499 1308 4567; x_wconf 81' lang='lat' dir='ltr'><strong>Codex</strong></span> 
     </span>
    </p>
   </div>
   <div class='ocr_carea' id='block_1_7' title="bbox 121 4618 1308 4712">
    <p class='ocr_par' dir='ltr' id='par_1_7' title="bbox 121 4618 1308 4712">
     <span class='ocr_line' id='line_1_32' title="bbox 121 4618 1308 4712; baseline -0.004 -22"><span class='ocrx_word' id='word_1_260' title='bbox 121 4622 354 4690; x_wconf 77' lang='lat' dir='ltr'><strong>evidentissime</strong></span> <span class='ocrx_word' id='word_1_261' title='bbox 379 4618 583 4710; x_wconf 64' lang='lat' dir='ltr'><strong>SulpriciuS,</strong></span> <span class='ocrx_word' id='word_1_262' title='bbox 609 4619 693 4710; x_wconf 85' lang='lat' dir='ltr'><strong>quod</strong></span> <span class='ocrx_word' id='word_1_263' title='bbox 715 4633 820 4688; x_wconf 82' lang='lat' dir='ltr'><strong>autem</strong></span> <span class='ocrx_word' id='word_1_264' title='bbox 846 4623 878 4687; x_wconf 90' lang='lat' dir='ltr'><strong>in</strong></span> <span class='ocrx_word' id='word_1_265' title='bbox 902 4623 1044 4712; x_wconf 86' lang='lat' dir='ltr'><strong>principe</strong></span> <span class='ocrx_word' id='word_1_266' title='bbox 1067 4621 1205 4687; x_wconf 83' lang='lat' dir='ltr'><strong>editione</strong></span> <span class='ocrx_word' id='word_1_267' title='bbox 1224 4618 1308 4700; x_wconf 86' lang='lat' dir='ltr'><strong>diri,</strong></span> 
     </span>
    </p>
   </div>
   <div class='ocr_carea' id='block_1_8' title="bbox 0 0 1471 5144">
    <p class='ocr_par' dir='ltr' id='par_1_8' title="bbox 0 0 1471 5144">
     <span class='ocr_line' id='line_1_33' title="bbox 0 0 1471 5144; baseline 0 0"><span class='ocrx_word' id='word_1_268' title='bbox 0 0 1471 5144; x_wconf 95' lang='lat' dir='ltr'><strong> </strong></span> 
     </span>
    </p>
   </div>
  </div>
 </body>
</html>
