2888 5144
171 309 210 368 16
541 321 726 368 11111111
752 321 793 366 aa
819 319 970 366 1111111.

165 504 292 581 ruptam
323 489 469 555 codicum
499 489 668 555 lectionem
700 488 883 567 afferentes,
916 503 951 553 ut
986 490 1035 554 rel
1063 492 1358 579 pronuntiationem

164 613 309 691 mittam,
346 635 438 700 quae·
464 623 660 700 quantopere
690 609 815 675 differat
847 611 880 674 in
914 633 977 674 uno
1009 610 1184 700 eodemque
1214 612 1355 701 populo,

166 734 221 820 qui
251 731 362 799 eadem
393 732 502 822 lingua
533 730 581 797 uti
608 730 750 808 dicatur,
784 731 842 795 rel·
855 729 1000 797 hodierni
1024 732 1097 797 ltali
1120 732 1352 798 demonstrant.

165 849 310 940 Denique
334 851 374 919 ad
392 852 684 940 antiquissimorum
706 851 993 940 manuscriptorum
1012 852 1144 941 probam
1164 854 1357 943 scripturam

163 995 195 1037 se
219 985 419 1040 convertunt.
467 973 508 1039 llt
531 973 575 1038 sic
598 971 737 1037 redimus
760 971 800 1036 ad
819 971 1058 1062 palimpsestum
1078 986 1240 1053 nostrum,
1261 974 1356 1038 ouius

163 1115 285 1159 summa
310 1094 477 1160 auctoritas
509 1093 549 1158 ab
572 1093 635 1158 illis
655 1091 853 1172 adhibetur,
891 1094 1007 1182 ignaris
1030 1094 1143 1183 opinor
1173 1118 1204 1160 se
1231 1094 1355 1160 nubem

161 1213 365 1302 prolunone
389 1214 656 1304 amplexos-ease,
677 1236 752 1278 nam
773 1215 829 1302 qui
847 1213 930 1281 liber
948 1215 1085 1281 seeundo
1101 1227 1172 1305 post
1190 1213 1355 1280 Christum

161 1333 477 1413 saeculo-tribuitur,
511 1333 759 1423 quadringentos
783 1357 880 1400 annos
900 1337 1058 1402 recentior
1087 1334 1352 1415 habendusest,

161 1467 196 1519 ut
219 1479 291 1522 mor
314 1456 529 1523 demonstrare
552 1455 720 1520 conabor..
742 1456 805 1521 Fae
825 1469 932 1522 tamen
952 1457 1003 1522 vel
1022 1459 1112 1523 istam
1137 1455 1352 1524 venerandam

161 1590 296 1644 aetatem
323 1601 389 1644 esse
420 1576 502 1642 libro
535 1575 706 1654 Vaticano,
740 1577 797 1643 riri
820 1577 906 1643 docti
929 1579 1044 1645 frustra
1065 1580 1097 1644 in
1121 1578 1260 1645 lectione
1282 1578 1351 1643 lau·

160 1697 263 1763 danda
286 1710 318 1763 et
342 1699 497 1787 scriptura
520 1696 717 1762 defendenda
742 1701 855 1765 versati
875 1713 969 1779 sunt,
994 1701 1113 1790 quippe
1137 1723 1215 1789 quos
1237 1701 1352 1768 lateret

160 1819 311 1885 adhunc
340 1841 441 1907 usque
470 1817 555 1884 diem
578 1818 655 1906 quid
687 1843 720 1885 re
745 1843 818 1885 vera
848 1822 950 1909 prima
971 1844 1086 1887 manus
1110 1820 1248 1899 dederit,
1269 1838 1349 1885 nam

160 1963 223 2029 qua
262 1940 471 2007 inconstantia
508 1939 600 2013 ‚hune
642 1939 748 2005 locum
789 1941 890 2006 Maius
934 1942 1216 2020 administraverit,
1260 1963 1349 2006 nuuc

159 2061 287 2129 demum
312 2059 486 2150 apparebit.
537 2059 629 2146 Quod
652 2062 1016 2152 quumpersperissern,
1041 2061 1222 2152 diligentius
1242 2059 1348 2127 adhuc

159 2205 270 2249 omnes
287 2193 448 2270 quotquot
470 2182 528 2246 iste
551 2157 697 2246 librarius
721 2184 913 2249 commiserit
936 2206 1073 2262 errores,
1098 2195 1208 2247 notare
1232 2181 1345 2262 libuit,

159 2324 227 2392 quo¹
254 2301 384 2390 aequius
415 2300 455 2366 de
478 2312 654 2367 correctore
677 2302 830 2368 iudicium
854 2304 990 2383 feratur,
1018 2317 1054 2369 et
1077 2302 1171 2368 simul
1194 2302 1256 2367 illis
1280 2324 1347 2368 mos

159 2435 305 2511 geratur,
339 2423 394 2511 qui
421 2423 593 2511 genuinam
624 2424 835 2513 antiquiorem
863 2426 1050 2515 scripturam
1075 2449 1092 2490 a
1115 2425 1218 2514 prima
1248 2446 1348 2490 manu

158 2544 273 2633 passim
309 2555 462 2609 serratam
496 2557 665 2624 censeant,
702 2545 880 2611 asccunda
915 2569 1012 2610 manu
1046 2546 1129 2610 male
1164 2545 1283 2611 scdulo.
1303 2545 1346 2610 ad

159 2664 437 2753 grammaticorum
460 2687 589 2753 proram
609 2666 772 2731 scientiam
792 2689 863 2730 earn
884 2679 1057 2731 correctam
1078 2689 1144 2732 esse
1161 2666 1345 2732 clamantes.

160 2784 232 2850 Non
256 2785 340 2860 enirn
365 2786 390 2849 is
414 2807 501 2862 sum,
525 2786 580 2850 cui
603 2785 723 2874 primae
746 2807 859 2849 manus
882 2807 1001 2850 errores
1025 2784 1064 2849 ad
1088 2808 1193 2851 reram
1211 2788 1347 2877 scriptu*

160 2927 228 2969 ram
259 2927 323 2969 uon
353 2903 469 2970 ducere
494 2926 584 2993 posse
610 2903 792 2982 rideantur,
817 2918 927 2970 contra
951 2918 1016 2984 est,
1039 2908 1103 2970 imo
1127 2906 1165 2973 de
1192 2907 1346 2973 industria

160 3025 326 3113 inquisiti,
353 3024 641 3113 quibusnam'locis
664 3026 767 3114 prima
790 3048 902 3090 manus
926 3048 1026 3113 quum
1050 3049 1154 3092 reram
1177 3028 1347 3094 lectionem

160 3159 227 3211 tum
259 3120 430 3234 genuinam
460 3145 717 3236 orthographiam
748 3157 917 3222 servasset,
947 3167 1007 3210 nec
1032 3168 1129 3211 vanus
1153 3147 1243 3212 labor
1264 3149 1346 3227 fuit,

159 3267 283 3331 etiamsi
304 3288 392 3331 nunc
414 3268 504 3355 copia
524 3265 604 3331 mihi
626 3266 709 3335 facta
733 3288 797 3348 non
821 3266 860 3331 sit
880 3266 1083 3356 expromendi
1101 3290 1206 3333 rncam
1225 3268 1266 3334 de
1284 3270 1347 3334 illis

160 3387 354 3476 opinionem.
403 3387 475 3455 Non
491 3388 584 3452 enim
607 3388 803 3476 propositum
827 3386 906 3453 mihi
929 3401 985 3454 est.
1005 3389 1065 3453 ista
1094 3388 1260 3468 dirimere,
1286 3413 1345 3457 nec

162 3504 288 3573 Osanno
323 3507 404 3572 duce
438 3507 478 3577 de
512 3508 643 3598 singulis
678 3508 755 3574 locis
786 3509 1085 3598 quaestionibusque
1114 3510 1238 3599 agitatis
1271 3534 1346 3600 pro·

160 3628 321 3708 nuntiare;
348 3628 483 3700 sufficiat
496 3628 689 3695 Varietatem
708 3629 852 3696 lectionis
871 3629 992 3718 publici
1009 3630 1084 3694 iuris
1105 3630 1227 3710 facere,
1250 3654 1347 3720 quarn

161 3750 325 3817 acutiores·
340 3749 522 3831 adhibeant.
573 3750 717 3817 Eandem
741 3751 782 3815 ob
807 3773 933 3816 causam
947 3774 1021 3817 nou
1044 3751 1133 3817 lubet
1156 3753 1190 3816 iu
1213 3752 1283 3818 loco
1307 3753 1346 3820 de

161 3870 386 3961 orthographia
416 3871 603 3950 subsistere,
636 3894 694 3937 neo
725 3873 758 3936 in
789 3871 912 3936 tabulas
942 3874 1082 3962 recipere
1114 3887 1192 3962 quot
1220 3887 1251 3941 et
1275 3876 1347 3964 qui·

161 3991 295 4057 busnarn
318 3992 395 4057 locis
425 3993 547 4082 primae
578 4014 691 4056 manus
714 3992 869 4080 scriptura
901 4006 1040 4059 correcta
1073 3995 1131 4074 sit,
1158 3996 1280 4084 quoties
1302 4019 1347 4061 xa

162 4114 320 4201 scripserit
351 4137 407 4202 pro
437 4112 579 4202 simplice
610 4137 655 4189 x,
688 4111 803 4199 quibus
822 4111 945 4185 ‚litteris
973 4116 1177 4203 sequentibus
1208 4117 1348 4182 dautt

161 4233 283 4299 dederit
318 4234 351 4298 in
387 4244 439 4312 et,
475 4233 557 4312 sed,
593 4241 718 4319 atquc,
752 4236 873 4319 atqui,
906 4236 1021 4324 apud,
1053 4237 1345 4319 111111,111,1’11,

164 4355 278 4434 illud,
316 4356 420 4420 aliud
432 4407 441 4434 ,
476 4353 584 4441 quod,
625 4356 756 4442 inquit,·
789 4355 834 4419 vel
876 4356 908 4421 in
944 4331 1135 4446 quibusnam
1170 4360 1348 4449 compositis

164 4478 338 4566 simplicem
361 4478 496 4571 formam
524 4474 688 4540 retinuerit
711 4477 979 4564 praepositionum
1003 4478 1055 4542 ad
1085 4479 1151 4566 (af,
1177 4503 1243 4569 ap,
1269 4479 1345 4568 as),

164 4622 236 4662 cum
259 4597 352 4686 (con,
375 4598 463 4682 col),
485 4600 522 4658 in
545 4596 605 4682 (il,
629 4599 694 4674 im,
717 4594 786 4682 ir),
811 4599 870 4662 sub
893 4598 1005 4687 (sup);
1027 4600 1082 4664 ubi
1103 4601 1148 4678 ll,
1172 4624 1256 4680 mm,
1272 4625 1345 4690 pp,
