2888 5144
592 333 854 381 nrrsunxrronns.
1250 317 1313 379 179

124 507 204 572 riter
232 505 336 571 dieto:
372 528 393 568 «
404 506 429 568 si
453 502 567 568 adduci
589 526 732 592 possem,
758 515 793 567 ut
817 526 854 569 ea
877 503 911 569 in
935 502 1046 567 ultima
1070 499 1200 590 Scythia
1223 526 1313 594 pero-

125 648 227 692 rarem
239 675 248 705 ,
272 639 342 691 tum
366 629 556 715 meipsum
583 637 684 690 morte
715 622 916 689 multandum
948 622 1189 718 concederem.»
1229 624 1314 698 Dixit

126 751 223 837 ipse,
249 759 284 812 ut
309 745 406 811 codex'
428 745 525 810 habet
549 757 580 810 et
603 745 672 810 Val.
698 745 761 823 Vl,
789 749 808 809 4
834 745 904 809 let.
932 747 1008 828 32.

170 869 285 934 Lerius
315 879 380 945 est,
416 865 501 955 quod
530 865 672 931 exhibuit
696 863 776 954 Gap.
802 871 821 930 5
849 868 866 950 3
892 871 912 930 3
937 864 1156 943 huiusmodi,
1181 864 1237 929 uhi
1258 886 1313 930 co-

125 986 185 1052 dex
207 987 339 1076 praebet
363 985 533 1050 eiusmodi
555 997 587 1050 et
610 984 753 1050 Valerius
777 984 840 1064 Vl,
866 991 885 1050 5
910 984 933 1073 S
959 989 974 1050 1
1000 988 1104 1049 liuius
1125 990 1279 1074 generis.

171 1106 275 1197 Supra
309 1105 444 1171 vidimus
479 1106 659 1171 Romanum
690 1105 843 1173 editorem
874 1106 1040 1195 impegisse
1069 1107 1185 1196 passim
1215 1128 1316 1171 unum

127 1228 176 1294 rel
207 1228 299 1317 plura
332 1228 486 1294 voeabula
520 1226 714 1306 omittendo,
745 1227 807 1293 hoc
841 1227 953 1293 eodem
985 1227 1060 1316 Cap.
1095 1226 1118 1315 S
1150 1235 1168 1292 5
1200 1227 1239 1292 de
1262 1251 1317 1293 suo

129 1348 249 1413 addidit
278 1349 413 1414 verbum
436 1349 572 1413 otiosum
596 1348 725 1412 omnino
748 1359 780 1413 et
802 1370 877 1436 prae
902 1348 1013 1413 ceteris
1037 1349 1076 1412 ab
1099 1349 1226 1437 ingenio
1250 1350 1319 1438 epi-

128 1469 290 1534 tomatoris
326 1469 478 1535 alienum.
523 1492 544 1532 r<
554 1467 633 1533 Cum
668 1469 717 1534 Ti.
756 1468 917 1534 Gracchus
952 1481 984 1533 et
1020 1470 1057 1534 L.
1096 1466 1246 1534 Claudius
1278 1469 1321 1533 oh

128 1591 220 1655 nimis
244 1612 349 1654 serere
371 1602 490 1678 gestam
510 1588 641 1653 Romae
661 1611 828 1654 censuram
848 1601 1113 1670 accusarentur3»
1132 1602 1217 1656 recte
1231 1590 1319 1655 abest

128 1710 161 1773 in
185 1709 295 1776 codice
317 1711 382 1775 imo
406 1708 491 1800 apud
514 1709 584 1774 Val.
611 1709 671 1788 Vl,
698 1715 717 1773 5
743 1708 766 1797 S
793 1714 812 1774 3
837 1709 899 1774 loci
921 1709 1083 1776 indicatio.

175 1830 345 1920 Perperam
377 1831 480 1896 Maius
509 1830 658 1918 explicuit
686 1842 793 1893 notem
818 1829 890 1894 Lib.
916 1830 996 1908 VII,
1023 1829 1101 1919 Gap.
1128 1835 1147 1894 2
1173 1829 1196 1918 S
1222 1835 1265 1895 33
1287 1830 1322 1895 in

131 1952 201 2017 loco
224 1951 264 2016 de
286 1974 404 2028 vacca,
430 1973 526 2039 quam
550 1948 697 2014 dominus
725 1973 746 2012 «
755 1950 788 2013 in
814 1948 970 2015 Aventino
994 1963 1067 2016 ante
1091 1974 1179 2015 arus
1203 1950 1323 2015 Dianae

135 2071 344 2148 constituit,»
373 2093 448 2136 nam
477 2069 623 2134 librarius
654 2082 740 2135 recte
764 2069 892 2135 dederat
916 2083 1004 2150 eru,
1030 2071 1131 2137 idest
1155 2096 1256 2136 aram
1285 2094 1321 2137 ex

131 2190 401 2279 val.v11,3§
431 2194 462 2255 1.

180 2311 348 2400 Conspirnt
371 2311 514 2377 Valerius
539 2310 619 2389 Vll,
646 2316 666 2375 3
692 2309 715 2398 S
741 2315 761 2375 6
787 2333 860 2375 curn
884 2311 992 2378 codice
1015 2312 1084 2377 eod.
1110 2313 1184 2402 Cap.
1208 2312 1231 2400 S
1256 2317 1320 2378 37:

133 2432 322 2499 «Sertorius
342 2430 437 2496 validi
456 2432 530 2520 equi
554 2429 688 2496 caudam
713 2431 752 2494 ab
776 2431 924 2496 inbecillo
949 2455 1021 2497 sene
1042 2432 1195 2521 paulatim
1216 2434 1321 2522 carpi,

132 2553 253 2620 infirmi
283 2551 323 2616 ab
357 2553 470 2618 iurene
496 2552 682 2617 eximiarum
713 2553 828 2617 virium
862 2554 1039 2618 universam
1064 2553 1199 2619 convelli
1221 2555 1321 2619 iussit.

136 2673 398 2762 Obtemperatum
436 2673 568 2761 imperio
607 2685 663 2737 est.
720 2671 782 2739 Sed
830 2672 907 2738 dum
951 2673 1158 2740 adulescentis
1198 2674 1324 2740 dextera

135 2796 222 2860 irrito
250 2817 282 2858 se
299 2793 445 2882 fatigat
467 2794 594 2872 labore,
620 2794 723 2859 senior
746 2794 955 2860 ministerium
979 2808 1143 2861 exsecutus
1163 2807 1248 2860 est.»
1282 2795 1324 2860 dt

136 2916 236 2982 Maius
260 2913 346 2978 dedit
361 2913 562 3003 fatigabat.
1116 2899 1118 2904 ¹

177 3037 216 3101 In
251 3034 440 3123 quibusdam
475 3036 563 3101 libris
597 3037 818 3126 manuscriptis
845 3037 964 3103 litteras
999 3059 1019 3100 r
1046 3049 1078 3102 et
1107 3061 1124 3101 s
1156 3061 1192 3102 ea
1223 3037 1325 3102 forma

135 3168 274 3223 exaratas
302 3179 388 3234 esse,
422 3168 457 3220 ut
487 3156 580 3221 facile
610 3158 802 3222 misceantur
829 3181 847 3222 a
878 3158 1012 3250 lectore,
1042 3171 1154 3223 notum
1180 3171 1246 3237 est,
1273 3158 1327 3224 sed

136 3301 200 3344 non
240 3274 324 3341 cadit
363 3276 424 3343 hoc
457 3278 490 3341 in
518 3288 660 3341 nostrum
692 3276 849 3356 codicem,
883 3280 972 3366 atqui
1002 3302 1066 3343 non
1097 3278 1193 3343 habet
1225 3278 1328 3344 editor

138 3423 199 3488 quo
232 3425 264 3466 se
296 3397 444 3464 defendat
476 3396 625 3463 exhibens
657 3397 753 3462 Libro
779 3396 855 3477 Vll,
888 3397 961 3487 Gap.
990 3403 1008 3462 4
1033 3397 1056 3486 S
1085 3402 1123 3463 1:
1174 3399 1327 3465 «Tullius

139 3521 307 3600 Hostilius,
342 3544 415 3586 cnm
445 3520 578 3586 Metium
610 3519 771 3584 Fufetium
804 3520 903 3612 ipsam
936 3519 1036 3584 aciem
1060 3519 1258 3585 deserentem
1280 3520 1328 3585 ri-

138 3640 244 3721 deret,
275 3666 383 3707 omnes
410 3639 502 3727 (adde
527 3663 564 3705 ex
584 3639 655 3704 Val.
678 3639 756 3717 Vll,
784 3644 803 3703 4
828 3637 851 3726 S
879 3643 914 3704 l.
942 3640 1059 3728 globos
1083 3640 1133 3705 rel
1153 3640 1216 3705 tale
1237 3638 1326 3728 quid)

138 3764 351 3851 percucurrit,
385 3784 441 3827 suo
464 3762 551 3825 iussu
574 3760 681 3826 dicens
707 3764 897 3824 recessisse
924 3783 1037 3825 eum.»
1078 3759 1328 3826 Rescrihendum

140 3900 184 3953 est
211 3886 335 3952 Tullus
358 3896 389 3948 et
413 3885 622 3960 secessisse,
648 3892 683 3945 ut
707 3880 851 3946 Valerius
875 3904 1003 3970 quoque
1025 3881 1133 3947 habet.

184 4005 305 4074 Eodem
335 4003 415 4069 redit
441 4001 518 4068 ibid.
552 4001 575 4090 S
606 4007 646 4066 3:
680 4024 812 4088 <equum
844 4001 988 4090 pluribus
1019 4001 1128 4066 locis»
1153 4025 1189 4066 ac
1214 4001 1329 4068 codicis

141 4140 170 4192 et
204 4127 323 4191 Valerii
354 4125 509 4212 scriptura
544 4122 794 4211 «conpluribus
829 4123 951 4201 loeis,›>
990 4122 1074 4210 quod
1112 4122 1330 4211 recipiendum

143 4248 277 4313 ridetur.

185 4368 309 4434 Vellem
332 4365 515 4454 typothetae
539 4363 677 4429 tribuere
698 4362 868 4428 absurdum
885 4386 1023 4429 errorem
1043 4363 1104 4429 hoc
1124 4364 1236 4431 eodem
1256 4365 1329 4454 Cap.

145 4487 166 4576 S
192 4493 229 4554 t:
266 4499 449 4576 «postremo
472 4505 555 4552 cccc
585 4485 706 4573 equites
730 4485 931 4562 subornavit,
961 4486 1016 4573 qni
1041 4485 1195 4552 destrictis
1221 4484 1331 4574 gladiis

142 4611 275 4700 poplites
292 4608 502 4697 pugnantium
521 4608 735 4672 Romanorum
757 4606 1018 4675 caeciderunt.»
1045 4607 1150 4675 Codex·
1175 4620 1280 4673 autem
1301 4621 1331 4674 et

1048 4727 1108 4780 20*
