2888 5144
128 319 170 383 28
499 330 617 377 crosno
642 331 685 378 na
710 331 751 376 aa
776 330 928 377 rastros.

127 501 262 568 vidimus
297 522 390 591 supra
422 511 534 588 quarto
567 500 716 588 quintove
748 499 873 566 saeculo
905 501 1094 566 maiusculas
1125 514 1249 569 tantum
1282 503 1316 570 in

127 645 187 689 usu
220 644 306 700 esse,
343 632 428 686 serto
464 620 634 710 septimove
670 620 909 699 semiuncialcs,
945 620 1099 688 habemus
1133 623 1316 715 exemplum

127 743 299 833 scripturae
327 740 504 806 simillimae
527 739 732 829 eiusdemque
755 740 918 808 Romanae
942 743 1112 810 severitatis
1136 756 1167 810 et
1191 746 1316 834 magni-

127 863 244 930 tudinis
268 861 393 928 saeculo
417 872 503 928 serto
525 859 650 939 medio,
685 860 749 925 iam
770 861 893 927 medius
917 861 1004 928 locus
1028 863 1233 953 assignandus
1256 864 1316 931 erit

128 984 274 1051 Tulliano
305 982 405 1059 libro,
437 980 468 1046 id
500 993 546 1047 est
570 981 718 1070 quintum
742 994 901 1048 sextumve
924 995 994 1073 post
1019 981 1181 1049 Christum
1204 997 1316 1050 natum

127 1104 300 1172 saeculum.
349 1103 472 1170 Paucae
503 1103 588 1168 enim
620 1113 745 1166 tantum
778 1101 882 1168 adhuc
913 1116 1065 1193 apparent
1094 1104 1314 1185 minusculae,

125 1225 253 1315 illisque
279 1223 351 1294 talis
383 1234 429 1289 est
454 1222 574 1300 forma,
611 1233 646 1286 ut
677 1244 742 1287 non
766 1221 844 1288 adeo
869 1222 1032 1290 discedant
1055 1224 1095 1289 ab
1119 1224 1311 1306 uncialibus3

126 1346 197 1414 vide
229 1367 250 1413 ι
283 1346 336 1411 cui
366 1343 510 1410 nondum
539 1353 686 1409 curvatus
709 1353 755 1409 cst
778 1342 864 1433 prior
888 1343 1018 1424 duetus,
1052 1344 1122 1410 volo
1146 1366 1182 1426 r,
1208 1364 1246 1424 ι’,
1274 1369 1314 1435 q,

126 1487 168 1548 ιι,
191 1489 326 1557 quarum
347 1465 467 1532 caudae
487 1465 611 1531 infame
628 1464 676 1530 vir
689 1463 916 1544 extrahuntur,
937 1463 1315 1554 quemadmodnmhctr.

126 1600 245 1656 ceteras
267 1610 332 1652 non
360 1587 404 1652 ita
430 1598 580 1675 superant
603 1607 771 1663 mensura,
798 1597 833 1650 ut
853 1585 978 1652 saeculo
997 1586 1142 1675 sequenti
1160 1586 1217 1666 iit,
1239 1585 1315 1652 dum

125 1728 166 1790 lt,
191 1728 231 1788 ι’,
257 1727 279 1774 ιι
302 1708 347 1773 sic
370 1717 514 1773 exaratae
537 1717 630 1784 sunt,
656 1717 691 1770 ut
715 1705 857 1794 superior
880 1705 1007 1771 illarum
1027 1705 1142 1772 ductus
1161 1707 1315 1773 rotundus

125 1841 231 1898 rectae
265 1829 368 1895 lineae
398 1828 442 1892 ita
466 1826 652 1906 inhaereat,
678 1838 713 1891 ut
736 1825 842 1892 videre
865 1828 965 1892 estin
985 1828 1120 1892 rusticis.
1169 1826 1316 1916 lienique

125 1951 254 2041 propius
286 1948 325 2013 ad
358 1948 522 2037 antiquam
558 1948 746 2038 scripturam
777 1946 898 2012 aceedit
922 1970 1019 2037 qaam
1044 1960 1148 2014 cetera
1173 1947 1316 2038 exempla

126 2069 362 2148 semiuncialia‚
387 2091 497 2135 verum
520 2080 650 2159 propter
673 2065 708 2133 S.
735 2066 948 2133 Germancnse
967 2066 1151 2157 psalterium
1172 2068 1315 2135 nondum

126 2212 219 2257 ausus
243 2213 312 2256 sum
336 2189 453 2257 saeculi
476 2188 552 2255 serti
576 2188 698 2254 nullam
721 2187 839 2254 habere
863 2188 1035 2254 rationem.

173 2311 322 2377 Attamen
347 2309 381 2377 S.
408 2307 559 2399 Cypriani
582 2308 679 2375 codar
703 2308 799 2374 Paris.
819 2307 932 2399 Suppl.
955 2309 1026 2375 Lat.
1048 2309 1103 2377 N⁰.
1125 2313 1213 2389 712,
1233 2311 1317 2401 apud

127 2432 205 2500 Silv.
238 2431 304 2497 tab.
340 2435 402 2509 48,
436 2429 475 2494 de
506 2427 629 2516 Wailly
659 2427 701 2494 Π.
737 2432 777 2507 2,
802 2452 859 2494 nos
881 2442 1024 2495 moratur
1048 2429 1171 2510 adhuc,
1197 2432 1316 2522 quippe

127 2555 183 2645 qui
213 2552 252 2618 ad
288 2552 436 2618 amussim
468 2550 626 2639 conspiret
647 2572 721 2615 cum
745 2561 851 2615 nostro
876 2552 1090 2641 manuscripto
1114 2563 1240 2642 praeter
1262 2552 1317 2617 lit·

127 2686 266 2741 terarum
289 2694 481 2740 mensuram.
530 2670 738 2743 Montiaucon
762 2682 868 2736 autem
891 2670 1006 2738 diserte
1030 2671 1069 2737 de
1092 2671 1147 2736 illo
1171 2694 1316 2761 pronun·

127 2796 261 2860 tiaturas
283 2793 434 2859 iudicavit
458 2814 532 2857 eum
555 2790 680 2856 saeculo
705 2790 857 2881 septimo,
883 2790 1071 2856 Psalterium
1095 2791 1180 2881 quod
1204 2791 1316 2859 eodem

127 2915 288 2981 volumine
328 2913 527 2989 continetur,
564 2921 649 2976 serto
686 2909 857 3000 septimove
897 2934 962 2977 esse
994 2923 1170 2993 exaratum3
1206 2936 1317 2979 verum

128 3033 327 3102 Benedictini
355 3030 510 3098 adversati
540 3041 613 3095 sunt
643 3029 711 3109 illi,
744 3042 893 3120 quartum
925 3032 1112 3121 quintumve
1135 3033 1211 3100 huic
1234 3032 1317 3099 libro

128 3155 319 3245 assignantes
350 3164 382 3220 et
412 3153 457 3218 sic
490 3149 655 3230 Osannus,
687 3150 859 3217 dummodo
883 3154 1060 3218 accuratius
1084 3154 1315 3243 inquisivisset,

126 3274 213 3342 haud
237 3272 428 3364 spernendos
453 3294 527 3338 suae
551 3271 707 3361 opinionis
727 3285 838 3338 nactus
850 3285 930 3339 esset
942 3272 1131 3341 defensores.
1158 3275 1261 3341 Etvel
1274 3277 1318 3341 sic

124 3411 232 3463 tamen
265 3394 408 3460 nondum
444 3391 523 3458 mihi
558 3415 744 3482 persuasum
772 3406 817 3460 est
846 3393 916 3459 iilos
947 3417 1057 3460 verum
1092 3394 1217 3477 vidisse3
1251 3419 1317 3462 non

125 3519 212 3586 enim
243 3529 365 3583 eertum
396 3514 531 3581 afferunt
555 3514 729 3604 scripturae
752 3515 964 3581 semiuncialis
987 3515 1167 3604 exemplum
1190 3541 1227 3581 er
1250 3529 1317 3583 tam

126 3650 247 3705 remoto
287 3648 431 3725 tempore
442 3684 451 3714 ‚
490 3634 555 3699 imo
590 3633 696 3700 littera
728 3654 749 3700 ι
781 3635 814 3698 ἱιι
843 3645 950 3699 nostro
981 3633 1105 3700 ridetur
1136 3637 1317 3726 antiquior,

127 3781 208 3850 quae
239 3778 314 3822 cum
344 3774 384 3834 a,
415 3773 452 3834 r,
478 3773 501 3819 ιι
524 3767 609 3820 earet
633 3755 830 3843 antiquitatis
853 3753 970 3820 indicio
996 3754 1198 3844 quodmodo
1223 3779 1317 3846 urge·

126 3880 221 3958 bam,
242 3875 320 3943 dum
342 3894 379 3954 r,
404 3893 444 3954 ι’,
470 3893 490 3940 rt
514 3875 636 3940 inferne
657 3873 886 3964 protrahuntur
908 3873 1098 3964 paululum,
1125 3888 1156 3941 et
1180 3878 1318 3944 occurrit

127 3999 251 4064 littera:
278 4019 300 4061 u
321 3995 426 4086 priore
449 3991 549 4060 ductu
572 4017 706 4084 superne
730 4007 870 4062 curvato.
918 3992 1037 4061 Contra
1058 3997 1183 4086 septimi
1200 3998 1319 4063 saeculi

128 4118 325 4187 defensorem
349 4116 484 4182 afferunt
507 4113 707 4181 membranas
731 4113 879 4180 candidas
902 4126 997 4204 atque
1010 4115 1153 4196 subtiles3
1177 4127 1209 4181 at
1222 4116 1319 4182 iidem

128 4240 176 4307 illi
207 4236 406 4305 Benedictini
430 4237 469 4302 ad
493 4247 614 4304 sertum
638 4248 764 4326 etpost
788 4235 949 4303 decimum
973 4237 1134 4304 saeculum
1158 4236 1256 4302 talem
1281 4237 1318 4302 iis

128 4361 224 4427 fuisse
254 4370 401 4423 naturam
431 4358 521 4424 nobis
553 4370 696 4425 auctores
728 4371 821 4438 sunt,
862 4361 950 4449 atqui
974 4382 1039 4425 non
1062 4381 1151 4425 meae
1175 4358 1319 4447 opinioni

130 4481 311 4548 adversatur
333 4476 444 4544 eadem
467 4478 546 4545 haec
569 4479 764 4570 palimpsesti
787 4481 886 4546 nostri
910 4492 1036 4548 natura.
1085 4479 1208 4568 Urgent
1227 4479 1318 4568 pagi-

130 4626 186 4670 nas
209 4599 331 4667 duobus
356 4599 510 4667 columnis
535 4600 719 4690 descriptam
747 4615 778 4668 at
803 4625 907 4691 neque
930 4601 991 4668 hoc
1015 4599 1211 4667 venerandae
1233 4600 1316 4664 anti·
