2888 5144
159 320 201 382 38
540 334 655 385 cronno
679 338 721 384 nn
745 336 787 383 nr
811 335 964 384 aoruca.

159 504 265 582 eiurn,
290 503 329 570 ds
353 526 416 594 quo
436 506 538 572 Maius
559 505 738 586 dubitabut3
759 505 844 571 haud
862 507 926 572 scio
947 529 988 572 cn
1008 505 1119 574 Cicero
1137 507 1225 574 aliud
1244 511 1348 602 scrip·

159 626 251 705 serit,
276 648 373 715 quarn
398 627 482 716 quod
503 623 607 694 Codex
631 626 738 694 hebet:
763 625 918 693 «duobus
937 626 986 692 rel
1007 628 1133 696 Graecis
1149 630 1351 719 peritissimis

158 767 265 811 rerum
288 747 466 814 civilium.»

185 987 308 1055 XXII.
342 993 359 1075 §
391 995 446 1056 35.
494 991 580 1056 Nisi
615 1012 681 1078 qao
713 993 764 1053 sit
798 993 836 1053 in
865 989 928 1054 illo
949 1012 1076 1078 genere
1099 994 1235 1059 melior.
1284 993 1350 1060 llic

157 1131 284 1197 quoqne
318 1111 442 1177 macula
473 1111 586 1176 ultimo
616 1109 770 1177 vocabulo
805 1109 977 1175 adhaerens
1007 1112 1128 1177 Maium
1157 1111 1282 1179 induxit
1312 1114 1350 1181 in

159 1252 311 1310 errorem3
338 1231 449 1296 tribuit
473 1232 557 1298 enirn
581 1229 817 1320 superadditam
838 1231 1023 1311 maculam,
1046 1255 1127 1321 quae
1146 1256 1188 1300 ne
1210 1233 1350 1301 termam

158 1350 286 1439 quidem
320 1351 443 1418 litterae
479 1355 494 1415 a'
527 1351 650 1441 arguit,
687 1352 877 1428 correctori,
913 1349 998 1417 unde
1028 1376 1142 1442 parum
1172 1354 1349 1444 probabilis

156 1483 339 1538 nasceretur
368 1473 481 1552 lectio,
513 1495 574 1538 nce
604 1494 678 1539 vero
701 1484 776 1537 neta
798 1484 857 1538 est.
907 1471 1127 1539 Emendatoris
1150 1474 1347 1542 obtrectato-

157 1593 244 1660 ribus
267 1593 344 1660 talia
367 1592 507 1659 notanda
530 1605 614 1658 suut.

202 1833 318 1900 XXVI.
345 1836 364 1918 §
390 1835 448 1898 41:
489 1831 708 1924 Reperiatur
735 1835 811 1899 alla
842 1838 1025 1901 instituta.
1074 1835 1212 1902 Moserus
1236 1837 1347 1904 turbas

156 1952 261 2033 dedit,
293 1977 367 2018 narn
396 1967 481 2020 recte
510 1953 651 2020 ediderat
682 1955 785 2022 Maius
815 1958 1016 2036 institut-io,
1047 1969 1083 2022 ut
1107 1957 1204 2023 codex
1226 1959 1345 2040 hebet,

155 2095 216 2139 nec
247 2074 338 2139 aliter
367 2071 606 2154 Steinackerus,
637 2075 690 2140 cui
717 2074 801 2140 male
833 2075 974 2140 obtrudit
1005 2077 1220 2143 coniecturam
1242 2080 1346 2144 iasti-

157 2203 256 2274 tata;
281 2193 366 2282 quod
390 2195 416 2260 si
438 2195 502 2258 iarn
525 2193 651 2262 Nobbio
675 2193 821 2285 Maiaque
843 2197 877 2261 in
902 2195 1000 2262 altera
1023 2196 1161 2263 editione
1177 2199 1346 2289 probatam

155 2316 250 2381 fuisse
268 2316 442 2381 institutio
456 2317 618 2405 scripserit
638 2315 803 2396 Osannus,
825 2317 919 2382 aliam
932 2317 1059 2384 subesse
1071 2340 1199 2384 eausam
1211 2321 1344 2400 scitote,

155 2437 326 2526 genuinam
354 2459 470 2526 nempe
501 2435 618 2502 codicis
646 2438 853 2527 scripturam,
878 2440 968 2528 atqui
990 2462 1055 2505 non
1079 2451 1172 2519 sunt,
1197 2452 1233 2506 ut
1256 2440 1345 2509 idem

154 2557 209 2624 ille
229 2571 357 2637 monet,
382 2560 581 2649 perincerta3
607 2558 683 2626 hinc
707 2559 849 2649 sequitur
873 2558 998 2626 Ottonis
1022 2563 1195 2651 speciosam
1216 2563 1343 2629 coniec-

154 2692 259 2745 turam
282 2681 510 2770 reperiantur
533 2678 742 2769 spernendam
765 2702 843 2747 esse.

201 2919 349 2986 XXXIV.
384 2921 402 3004 §
434 2923 489 2985 52.
540 2917 684 2984 Virtute
715 2941 795 2984 aero
816 2920 1032 3009 gubernante
1054 2923 1341 3013 rempublicam,

155 3039 240 3129 quid
258 3047 376 3130 potest
408 3061 484 3103 csse
500 3037 759 3129 praeclarius?
782 3062 885 3127 quum
908 3041 959 3121 is,
984 3041 1043 3130 qui
1065 3044 1216 3135 imperat
1239 3044 1342 3124 aliie,

155 3161 264 3225 serait
285 3159 361 3250 ipae
381 3159 469 3224 nulli
492 3158 679 3250 cupiditati
686 3183 698 3239 ,·
731 3183 834 3249 quum
857 3183 948 3249 quac
971 3163 1023 3227 ad
1044 3186 1102 3228 res
1124 3164 1215 3229 ciacc
1238 3165 1343 3230 iasti-

155 3281 221 3346 tait
244 3290 278 3344 et
300 3288 418 3358 vocat,
442 3301 503 3345 eas
528 3303 641 3345 omncs
665 3283 863 3372 complexus
886 3285 1058 3375 astupeo,
1083 3308 1145 3352 nee
1168 3287 1261 3375 leges
1282 3285 1342 3352 im·

148 3400 250 3492 ponit
272 3403 424 3491 populo,
450 3401 571 3489 quibas
601 3401 678 3492 ipse
701 3425 768 3467 non
784 3414 939 3495 pareat,·
966 3405 1031 3470 sed
1050 3428 1148 3470 suam
1172 3406 1279 3471 uitam
1303 3415 1343 3471 ut

155 3522 262 3611 Iegem
297 3521 467 3611 praefert
506 3521 580 3586 suis
621 3522 759 3589 civibus.
809 3523 953 3591 Osannus
987 3527 1120 3592 inseruit
1156 3526 1231 3591 sine
1264 3527 1341 3591 alla

155 3641 346 3734 cupiditate
377 3654 446 3733 post
473 3641 568 3708 rerba
593 3645 791 3734 complexus
815 3654 870 3710 est
890 3645 984 3737 ipse,
1009 3647 1061 3712 eui
1084 3669 1149 3711 non
1172 3646 1338 3726 assentior;

154 3763 257 3855 primo
292 3761 378 3828 eninr
410 3762 444 3827 in
479 3761 589 3830 codice
617 3764 770 3854 scriptum
800 3777 847 3832 eet
874 3766 911 3831 in
941 3768 1016 3832 ulla
1049 3767 1234 3858 cupiditati
1267 3778 1341 3832 ante

153 3906 245 3975 pron.
280 3885 372 3974 ipsse,
407 3894 443 3948 ut
477 3895 562 3949 recte
593 3883 695 3950 Maius
727 3887 869 3965 monuit,
899 3899 969 3952 turn
997 3887 1131 3954 dubium
1165 3889 1229 3954 iarn
1252 3906 1342 3953 nune

155 4003 332 4070 tollendum
361 4016 408 4070 est
437 4003 596 4070 fuerintne
619 4003 678 4069 ista
702 4028 735 4071 re
759 4029 832 4071 vera
855 4005 975 4087 deleta,
997 4020 1034 4074 ut
1055 4007 1141 4076 idem
1163 4009 1217 4075 ille
1241 4009 1342 4097 scrip-

154 4136 254 4202 serat,
290 4147 366 4191 nam
394 4125 512 4191 lineola
538 4124 660 4193 deletae
692 4139 764 4192 suut
792 4129 832 4192 ul
861 4141 893 4194 et
923 4141 1046 4198 ceterae
1078 4143 1274 4221 expunctae,
1301 4131 1341 4197 de

152 4267 262 4337 praep.
296 4245 333 4309 in
366 4268 415 4311 res
449 4246 618 4325 incertior,
655 4269 737 4336 quae
767 4249 792 4314 si
826 4249 891 4314 ianr
919 4250 1065 4318 librarius
1095 4265 1151 4318 aut
1181 4263 1341 4317 corrector

152 4364 386 4444 emendaverit,
412 4387 470 4432 cur
492 4391 608 4456 quaeso
629 4368 767 4436 feramus
791 4393 828 4436 ex
840 4372 1052 4462 superioribus
1064 4372 1173 4438 ritiose
1184 4373 1338 4462 repetita,

153 4510 235 4577 quae
256 4485 351 4551 modo
374 4497 459 4552 reete
481 4487 632 4576 leguntur
652 4491 685 4556 in
709 4491 926 4581 oppositione,
951 4492 1004 4558 hic
1027 4514 1101 4558 rere
1121 4491 1218 4557 otiosa
1236 4494 1339 4559 offen·

152 4610 252 4686 dunt,
287 4620 319 4674 et
350 4619 471 4673 mutata
493 4620 588 4697 atque
613 4612 799 4700 transposita
823 4612 950 4679 demum
976 4615 1091 4680 serrari
1114 4638 1204 4705 posse
1229 4615 1340 4682 viden·
