2888 5144
525 325 873 375 scararunatconrcrs.
1254 314 1293 373 13

107 518 207 587 quum
240 517 291 559 eas
321 494 514 559 abscondant
545 491 771 561 Commentarii
802 495 979 561 litterarum
1009 497 1139 561 ductus:
1162 495 1232 560 ride
1256 495 1295 559 ad

108 620 124 684 Ι
148 621 166 704 §
192 621 229 691 6;
258 616 396 704 denique
419 639 483 681 non
507 617 681 706 poenitebit
705 618 814 706 paucis
837 617 1026 707 quibusdam
1050 617 1182 683 maculis
1204 617 1296 682 illum

104 739 274 815 liberasse,
299 759 377 825 quas
399 737 482 802 inira
505 737 633 802 notabo.

151 858 293 925 Pertinet
313 856 352 922 ad
375 855 462 924 hunc
485 858 593 924 locum
617 858 779 946 quaestio,
805 858 885 923 sitne
899 858 1006 923 -codex
1022 862 1136 924 'noster
1158 881 1195 923 ex
1219 881 1296 923 con·

106 980 227 1044 iectura
250 1001 291 1043 an
316 977 355 1042 ad
378 979 538 1068 exemplar
561 977 760 1045 emendatus.
800 976 959 1066 Equidem
982 1002 1019 1044 ex
1043 991 1129 1044 certa
1154 979 1297 1068 analogia

106 1101 200 1179 vitia,
225 1123 306 1188 quae
330 1112 439 1165 eontra
452 1099 710 1189 orthographiam
724 1100 924 1166 commiserat
944 1100 1110 1178 librarius,
1131 1099 1297 1166 emendata

108 1219 317 1301 crediderim,
354 1220 602 1308 correctorisque
635 1219 740 1284 tribuo
769 1219 947 1299 doctrinae,
981 1243 1062 1308 quae
1086 1221 1222 1286 restituit
1235 1220 1299 1285 tile

107 1342 141 1406 in
173 1340 333 1407 vocabulis
360 1341 443 1408 male
474 1340 632 1420 dissectis,
658 1338 925 1407 contra-Collatio
948 1341 997 1406 rel
1028 1341 1126 1407 semel
1157 1342 1300 1430 inspecta

108 1462 235 1529 docebit
257 1462 387 1552 opinor,
413 1484 496 1550 quae
516 1462 629 1526 omissa
653 1472 743 1526 erant
767 1459 921 1525 vocabula
945 1482 1009 1525 non
1026 1483 1063 1525 ex
1082 1461 1209 1549 ingenio
1234 1485 1300 1529 esse

108 1583 272 1673 suppleta3
311 1582 364 1648 sed
397 1580 524 1670 quaudo
558 1604 691 1648 munere
723 1604 779 1646 suo
810 1582 919 1648 functa
949 1582 1002 1645 sit·
1019 1579 1156 1647 secunda
1187 1574 1316 1646 manus'

105 1703 214 1769 dicere
237 1725 302 1768 non
324 1701 491 1768 habemus.

156 1824 230 1891 Non
257 1824 340 1913 fugit
368 1847 419 1889 me
451 1824 668 1912 quaestionem
700 1820 739 1888 de
762 1823 865 1912 prima
889 1823 1090 1913 secundaque
1113 1845 1211 1887 manu
1233 1843 1300 1886 csse

110 1946 355 2018 intricatiorem3
378 1945 413 2010 in
430 1945 496 2010 fere
513 1943 659 2009 omnibus
677 1943 765 2009 libris
785 1945 1006 2034 manuscriptis
1028 1943 1195 2008 atramenti
1215 1941 1301 2006 color

107 2068 270 2133 incertum
287 2078 351 2144 est,
374 2088 436 2154 quo
458 2078 617 2131 corrector
636 2089 669 2131 se
688 2063 818 2154 prodat,
843 2062 1013 2144 indicium,
1039 2077 1070 2132 et
1093 2087 1171 2154 prae
1189 2064 1300 2129 ceteris

112 2188 146 2253 in
170 2185 280 2253 codice
303 2188 504 2278 palimpsesto
528 2199 635 2253 actum
659 2198 706 2251 est
729 2184 769 2251 de
793 2186 946 2252 levissima
971 2187 1030 2253 ista
1048 2185 1225 2251 differentia
1242 2206 1302 2273 per

112 2307 209 2397 ipsius
239 2307 312 2372 libri
343 2320 505 2381 naturarn;
530 2306 665 2372 alterum
689 2305 774 2395 quod
798 2307 987 2396 plerumque
1012 2307 1142 2372 affertur
1165 2306 1301 2394 scriptu-

114 2451 167 2495 rae
190 2427 378 2508 discrimen,
403 2430 436 2495 in
460 2428 568 2495 codice
593 2429 768 2494 recentiore
795 2450 871 2493 acro
895 2441 1037 2493 correcto
1060 2427 1180 2517 aliquid
1203 2427 1300 2504 facit,

114 2549 148 2613 in
182 2548 336 2638 scriptura
371 2549 490 2614 unciali
523 2548 623 2613 letius
657 2560 723 2625 est,
761 2570 820 2613 nco
854 2547 1032 2614 litterarum
1063 2570 1211 2612 mensura
1235 2569 1302 2611 rem

115 2669 264 2750 conficit3
293 2669 434 2750 accedit,
460 2668 545 2759 quod
569 2669 698 2734 omnino
723 2669 839 2734 confici
862 2682 1019 2757 nequeat,
1049 2669 1130 2734 sitne
1157 2669 1301 2756 aprima

115 2812 213 2856 manu
245 2804 403 2856 correctus
432 2791 513 2856 liber
543 2804 669 2869 noster,
701 2789 785 2879 quod
817 2790 866 2854 rix
890 2788 1098 2867 crediderim,
1124 2812 1164 2853 an
1188 2810 1303 2854 veroa

116 2924 292 2976 correctore
313 2912 416 2976 statim
438 2923 606 3001 postquam
627 2923 770 2976 exaratus
794 2922 895 2990 asset3
919 2910 995 2974 hinc
1018 2909 1165 2998 equidem
1186 2933 1302 2998 urgen-

116 3031 192 3096 dum
212 3054 281 3097 non
304 3054 369 3096 esse
390 3032 567 3111 contendo,
593 3031 677 3120 quod
698 3031 799 3096 Maius
819 3030 934 3120 passim
953 3043 1061 3096 monet
1081 3054 1159 3095 moa
1178 3052 1303 3096 correo·

115 3164 186 3218 tum
216 3152 366 3218 essehoc
396 3153 445 3218 rel
476 3151 575 3231 illud,
609 3165 664 3217 aut
688 3155 811 3216 statim
835 3149 1056 3230 emendatum,
1087 3165 1301 3241 expunctum,

116 3284 234 3354 oetera3
268 3285 300 3337 at
331 3271 465 3338 editores
496 3295 737 3362 nonnumquam
769 3271 808 3336 ad
839 3270 971 3336 verbum
1002 3271 1061 3337 ista
1092 3286 1302 3362 acceperunt,

118 3391 203 3481 quod
227 3394 253 3460 si
276 3393 325 3459 rel
349 3393 451 3460 Maius
476 3395 724 3473 sibi-noluisset,
750 3406 877 3460 rectene
900 3391 1021 3459 dictum
1045 3392 1103 3469 sit,
1129 3416 1304 3482 numquam

115 3514 277 3582 conficias.
328 3515 434 3582 Facile
454 3515 593 3581 adducor
616 3528 651 3580 ut
675 3538 752 3604 quas
776 3515 895 3581 litteras
914 3537 1015 3580 erasas
1035 3513 1165 3579 viderim
1185 3515 1305 3602 primae

117 3657 230 3701 rnanus
251 3635 407 3702 habeatur
430 3635 622 3718 emendati03
650 3634 703 3702 sed
727 3635 782 3700 ubi
805 3635 952 3702 librarius
976 3636 1081 3701 statim
1105 3647 1305 3724 perspectum

117 3779 256 3823 errorem
287 3754 385 3845 digito
408 3756 591 3823 humectato
622 3757 790 3823 evanidur'n
822 3757 933 3823 fecerit
964 3768 1194 3833 atramentum,
1221 3753 1306 3843 quod

118 3876 287 3943 sibiinrito
300 3876 473 3956 exciderat,
499 3877 576 3966 quid
597 3901 713 3967 quaeso
732 3879 937 3968 pronunties,
960 3880 1110 3968 quoniam
1131 3898 1217 3942 nunc
1237 3899 1306 3941 om·

118 3998 173 4063 nia
195 3998 305 4065 eadem
329 3996 399 4087 lege
425 4012 530 4064 renata
555 4012 639 4065 sunt.
688 3999 833 4088 Denique
856 3999 951 4064 tantis
974 3999 1213 4064 difficultatibus
1233 4021 1307 4088 pre·

21 4180 24 4185 ⁴
119 4119 218 4183 mitur
243 4119 362 4185 haecce
393 4121 554 4208 quaestio,
589 4134 625 4186 ut
648 4120 832 4209 ubicunque
860 4121 980 4209 aliquid
1004 4133 1181 4186 correctum
1214 4143 1307 4208 appa·

119 4252 205 4319 reat,
230 4238 292 4305 hoc
314 4240 470 4306 secundae
486 4242 605 4306 ⁴manui
628 4240 793 4306 tribuerim
817 4242 850 4305 in
876 4239 1053 4305 Collatione
1073 4264 1156 4305 mea.
1207 4240 1307 4328 Argu·

119 4373 228 4426 menta
251 4360 473 4450 diplomatica,
510 4383 592 4449 quae
616 4361 767 4440 audiunt,
802 4362 916 4450 quibus
948 4361 1068 4450 aliquid
1093 4373 1305 4451 superstruas,

120 4480 218 4547 codex
237 4505 289 4547 me
313 4480 440 4570 quidem
465 4481 569 4547 iudica
592 4505 657 4547 non
681 4483 791 4560 affert,
824 4481 950 4547 rideant
975 4485 1149 4560 acutiores,
1171 4482 1308 4570 possitne

121 4601 244 4692 aliquid
265 4604 380 4669 confici
400 4627 435 4669 er
457 4605 579 4694 integra
599 4628 669 4671 mea
691 4604 892 4670 correctionis
912 4605 1043 4683 notitia,
1062 4607 1095 4670 in
1117 4628 1211 4694 quarn
1231 4626 1309 4692 pace
