2888 5144
105 320 168 383 114
438 342 441 349 ·
481 336 601 383 cicino
626 336 669 383 ne
694 336 736 381 aa
760 337 918 385 epatica,

593 513 606 544 'l'

217 571 269 638 et,
295 558 352 622 tibi
582 578 670 625 esici

216 733 313 799 efficit
580 691 711 800 carecti

593 921 707 1012 Caput
733 924 832 988 XLII.

104 1114 190 1196 §aa
219 1098 319 1190 iaici
352 1157 354 1161 .
582 1137 613 1200 p.
641 1116 696 1178 25.

219 1284 340 1362 Video,
369 1285 458 1350 video
582 1285 775 1373 ulceaul'oeo

220 1404 439 1493 exspectabam
582 1424 795 1474 expectentes

217 1548 382 1614 nunquam
584 1545 742 1614 Numquis
776 1536 779 1542 '

215 1698 354 1765 discedat
581 1676 780 1771 &secabitis
873 1700 904 1763 d.
931 1724 978 1789 pr.
1007 1722 1027 1766 s

216 1834 270 1885 aut
291 1821 295 1909 Α
316 1820 401 1885 tibiis
579 1845 610 1909 p.
636 1824 692 1888 26.

215 1943 419 2006 immutatum
579 1961 789 2007 ntcunrtaee
882 1966 917 2007 ex
942 1943 1065 2008 efacta
1090 1967 1111 2009 u

216 2064 334 2162 infimis
358 2075 390 2128 et
412 2061 524 2128 mediis
583 2058 848 2146 tttsiasspecens
997 2087 1102 2130 erasae
1137 2079 1210 2132 sunt
1246 2086 1299 2146 1S,

322 2162 325 2167 ¹
625 2183 756 2272 opinor,
802 2183 885 2249 malc
921 2207 938 2248 a
976 2188 990 2248 1
1029 2185 1198 2266 dissectae,
1236 2212 1302 2254 non

630 2327 707 2394 opus
731 2317 837 2370 estut
861 2325 899 2371 es
923 2306 1050 2370 inseras.

218 2438 554 2514 consensu-potest.
583 2424 671 2515 coit!
785 2425 897 2492 Cetera
921 2426 1034 2491 desunt
1058 2431 1090 2494 in
1116 2429 1236 2497 codice.

576 2613 691 2705 Caput
715 2615 829 2682 XLIV.

180 2829 191 2874 ¹.
221 2817 226 2899 1
252 2804 380 2894 plenam
584 2829 616 2892 p.
643 2808 675 2867 9.

687 2930 700 2960 T

220 2983 380 3048 Assentior
583 2979 758 3049 Abscasloa

220 3127 253 3168 rc
277 3101 405 3192 publica
582 3116 649 3162 affl.

219 3222 298 3289 illud
585 3217 714 3282 Addidit
739 3223 770 3286 2.

647 3346 670 3379 Se

220 3421 327 3488 posse,
352 3394 405 3460 sed
584 3412 698 3458 Posset

222 3520 288 3583 sine
301 3519 321 3581 i.
334 3540 366 3581 n.
380 3540 412 3605 p.
428 3540 452 3580 s.
466 3515 499 3580 h.
515 3538 544 3578 v.
584 3515 785 3604 Repetuntur
808 3516 860 3582 sed
885 3531 1003 3606 puncta
1016 3518 1217 3607 superaddita
1231 3538 1309 3591 sunt

270 3662 335 3703 csse
635 3635 765 3729 singulis
790 3637 912 3703 litteris.

224 3758 308 3838 Sed,
337 3759 362 3824 si
385 3758 506 3849 placet,
528 3758 534 3849 Ι
585 3780 799 3828 sessmacea
821 3758 825 3848 Ι
851 3783 858 3837 ;
890 3783 922 3848 p.
951 3762 1004 3824 10.

223 3934 306 4001 diem
583 3903 802 4022 emicuisset
885 3932 916 3998 d.
944 3955 959 3999 s

157 4056 376 4146 Subscriptio,
409 4055 492 4120 male
516 4055 548 4119 in
574 4053 755 4144 Speciminc
779 4054 953 4144 scripturae
976 4054 1099 4146 depicta
1123 4080 1182 4123 nec
1207 4082 1310 4128 accu-

113 4193 179 4245 rate
205 4204 221 4244 a
246 4179 330 4245 Maio
354 4175 460 4255 edita,
486 4175 566 4246 haec
592 4188 657 4241 est:

561 4315 596 4362 Μ.
625 4315 725 4362 tutti
750 4315 859 4362 clean.

550 4438 592 4482 DE
611 4438 685 4485 nti.
711 4438 809 4485 LIBER
834 4439 871 4484 11.

547 4560 621 4606 EXP.
649 4561 715 4606 itte.
743 4560 808 4606 Lm.
836 4560 885 4605 111.

626 4724 807 4736 Μ
