2888 5144
126 304 190 372 itt
289 354 291 361 .
600 322 709 370 ruerus
733 323 838 371 ranis.

124 511 161 555 ex
184 511 244 555 usu
267 489 400 566 solemni
424 491 652 557 Romanorum.
702 490 771 558 IIoc
795 493 905 558 eodem
924 493 995 559 Lib.
1018 494 1084 572 IV,
1106 491 1184 582 (lap.
1206 497 1228 558 8
1250 491 1309 582 §t

125 611 238 675 omissa
261 632 325 675 una
344 611 485 676 litterula
503 612 596 701 periit
616 623 719 678 totum
739 611 929 678 vocabulum
950 613 1035 702 quod
1054 613 1162 680 abesse
1181 614 1309 702 nequit,

125 730 222 796 Hiero
254 731 340 797 enim
376 731 525 797 Romanis
560 755 625 798 non
660 731 777 799 «ch
810 733 897 799 milia
930 734 1028 799 tritici
1050 733 1134 799 misit
1145 756 1180 812 ,u
1203 755 1312 800 verum

125 853 256 940 «Uo—ti
282 833 359 940 ni»
386 873 418 938 id
450 886 496 940 est
523 873 639 942 «CCC
669 875 757 941 milia
788 875 982 956 modium»
1014 888 1050 942 ut
1083 875 1195 942 ordine
1217 874 1312 942 habet

125 979 232 1045 Valer.
266 978 330 1059 IV,
356 983 377 1044 8
402 979 472 1045 llxt.
499 977 523 1068 8
550 983 580 1046 1.
628 979 728 1048 Iulius
752 994 859 1048 noster
881 982 1003 1048 etiamsi
1028 981 1228 1047 abbreviator
1252 981 1311 1045 Va·

123 1098 239 1165 larium
269 1098 319 1177 V,
351 1103 372 1164 9
404 1097 427 1188 8
465 1105 485 1164 4
520 1099 559 1164 ad
590 1099 722 1165 verbum
744 1101 810 1167 fera
833 1101 1055 1192 descripserat,
1081 1124 1146 1166 nou
1171 1114 1206 1167 ut
1232 1101 1312 1168 llIaio

124 1218 290 1308 placebat,
327 1218 400 1285 Lib.
433 1220 478 1300 V,
507 1224 527 1285 6
556 1217 580 1308 8
606 1224 627 1285 8
651 1221 715 1285 «ira
739 1221 847 1287 locum
870 1222 1028 1288 desertum
1052 1222 1119 1287 lilio
1138 1222 1313 1312 perducto,

125 1339 265 1430 gladium
317 1362 413 1429 quem
447 1340 632 1405 adtulerat
668 1363 778 1406 secam
814 1341 956 1423 tradidit;
970 1366 991 1407 »
1036 1343 1100 1408 imo
1147 1344 1314 1408 occultam

125 1483 237 1526 secum
280 1461 474 1526 adtulerat.
522 1460 611 1527 Idem
645 1462 751 1527 locum
786 1462 924 1528 obtinuit
947 1457 1029 1528 'Lib
1063 1462 1129 1541 VI,
1163 1466 1184 1527 8
1215 1461 1239 1552 8
1277 1467 1312 1542 4,

126 1581 181 1647 ubi
204 1604 278 1647 cum
298 1581 424 1647 Valerio
448 1582 512 1661 VI,
538 1586 558 1648 8
582 1581 606 1671 8
633 1586 652 1647 4
676 1582 782 1649 dedit:
808 1583 995 1649 «Pindarus
1014 1582 1048 1649 (l.
1073 1583 1214 1649 Cassium
1240 1583 1314 1649 Phi·

124 1702 260 1792 lippensi
289 1702 409 1792 proelio
439 1702 575 1782 vietum,
602 1726 705 1793 nuper
728 1704 768 1769 ab
792 1727 829 1770 eo
852 1705 1084 1784 manumissus,
1108 1705 1195 1769 iussu
1218 1704 1313 1794 ipsius

125 1823 349 1889 obtruncatum
379 1824 576 1889 insultationi
607 1826 757 1889 hostiam
788 1825 978 1891 subtraxit.»
1026 1824 1095 1891 Nec
1124 1825 1216 1890 aliter
1243 1825 1313 1891 scri-

126 1944 201 2010 bere
230 1945 334 2034 potuit
364 1945 451 2010 Paris
475 1943 547 2009 Lib.
575 1943 654 2023 VII,
680 1943 758 2034 Gap.
788 1949 808 2009 2
835 1943 850 2028 8
879 1949 919 2011 18
945 1967 1041 2035 quam
1066 1944 1211 2011 Valerius
1235 1944 1312 2025 VII,

128 2069 148 2130 2
173 2065 242 2130 Eat.
268 2067 285 2149 §
312 2074 352 2129 4:
378 2064 500 2129 «Plato
523 2073 594 2128 tam
619 2063 747 2130 demum
769 2064 898 2131 beatum
922 2065 1030 2132 orbem
1055 2067 1199 2131 futurum
1223 2089 1313 2156 praa·

126 2185 272 2262 dicabat,
293 2207 367 2251 cum
386 2197 441 2249 aut
460 2185 616 2274 sapientes
634 2207 786 2274 regnare,
808 2198 863 2251 aut
882 2209 969 2276 reges
981 2209 1089 2276 sapere
1101 2187 1312 2276 coepissent.»

127 2307 233 2373 Potest
258 2305 387 2395 quidem
410 2304 517 2370 abesse
537 2304 647 2371 cadem
670 2306 826 2395 particula
850 2307 960 2395 eapitis
981 2308 1140 2395 sequentis
1162 2311 1179 2395 8
1201 2311 1243 2385 6,
1262 2305 1314 2372 sed
1377 2310 1379 2316 ’

127 2451 191 2493 non
214 2441 261 2493 est
280 2449 337 2493 cur
354 2426 483 2492 librario
505 2425 706 2492 adversemur
725 2427 769 2491 sic
789 2426 954 2491 scribenti:
992 2448 1014 2489 «
1026 2424 1162 2492 Anicula
1181 2427 1313 2493 Athenis

126 2550 294 2641 pecuniam
323 2547 457 2639 depositi
486 2549 614 2614 nomine
645 2570 663 2611 a
693 2546 817 2613 duobus
844 2547 1020 2636 hospitibus
1042 2548 1176 2637 accepit.
1229 2549 1313 2635 Quo·

128 2693 198 2736 rum
222 2670 302 2735 alter
324 2681 488 2758 tamquam
510 2681 635 2734 mortuo
659 2669 742 2734 socio
767 2691 875 2734 omnes
898 2690 1045 2732 nummos
1070 2668 1203 2758 aceepit.
1253 2666 1313 2735 Su·

126 2791 269 2881 pertenit
287 2790 401 2856 deinde
425 2789 504 2856 alter
516 2839 525 2868 ,
550 2813 586 2855 ac
609 2789 785 2879 depositum
799 2801 942 2877 expetere
966 2788 1080 2878 coepit.
1132 2787 1217 2854 Tum
1247 2789 1314 2854 ani·

129 2912 220 2978 culae
248 2910 392 2976 haerenti
423 2921 600 2998 opportune
631 2907 858 2974 Demosthenes
890 2919 1041 2997 patronus
1065 2907 1203 2974 adfuit.»
1250 2909 1315 2977 Nc·

128 3031 297 3122 gligentiac
327 3031 402 3096 item
435 3029 562 3095 editoris
589 3028 694 3093 tribuo
718 3028 864 3093 omissam
888 3029 1144 3095 coniunctionem
1169 3031 1313 3120 capital

129 3154 147 3237 §
181 3155 241 3216 43:
272 3174 293 3214 «
304 3163 339 3215 ut
370 3172 443 3215 cum
471 3172 509 3215 eo
540 3157 602 3213 aut
629 3150 785 3215 rarissime
807 3161 861 3214 aut
884 3149 1064 3216 dulcissime
1090 3149 1314 3240 loqueretur,>›

127 3293 322 3361 quamquam
348 3272 381 3336 in
414 3270 484 3336 cod.
516 3268 555 3336 A.
590 3269 674 3360 apud
707 3271 869 3336 Valerium
902 3270 983 3350 VII,
1012 3276 1032 3336 2
1066 3272 1136 3336 Ext.
1172 3275 1189 3357 §
1226 3277 1263 3337 11
1297 3295 1314 3336 a

127 3393 229 3482 prima
256 3414 354 3458 manu
381 3392 470 3458 video
494 3392 640 3457 omissam
663 3400 726 3456 aut
750 3396 948 3456 rarissime.
997 3391 1184 3457 accuratius
1208 3393 1312 3458 adhue

128 3536 202 3580 cum
228 3513 356 3579 historia
388 3525 420 3579 et
448 3513 573 3579 Valerio
604 3513 683 3591 VII,
720 3517 740 3578 6
766 3519 782 3600 8
809 3516 829 3576 4
853 3512 1044 3603 conspirabit
1066 3513 1170 3591 Paris,
1194 3515 1220 3578 si
1242 3536 1314 3579 eum

127 3634 235 3700 codice
264 3635 312 3700 illi
337 3634 508 3701 reddideris
540 3634 610 3700 Lib.
639 3633 720 3712 VII,
747 3631 826 3724 Gap.
853 3637 871 3698 7
897 3637 915 3719 8
940 3638 979 3697 3:
1030 3631 1099 3698 «G.
1127 3632 1228 3698 Mario
1253 3632 1311 3700 Gn.

127 3752 272 3822 (larbone
295 3755 492 3821 consulibus
515 3777 589 3820 cum
614 3753 701 3842 Sylla
719 3752 940 3819 dissidentibus
960 3764 1046 3818 cet.»
1092 3752 1206 3818 Contra
1228 3777 1314 3820 sum·

125 3899 178 3941 mo
201 3878 270 3941 iure
288 3876 391 3941 Maius
408 3875 556 3964 expunxit
574 3897 749 3965 pronomen
770 3874 996 3940 alienissimum
1015 3873 1087 3939 Lib.
1114 3873 1213 3953 VIII,
1237 3872 1313 3966 Cap.

125 3998 146 4060 6
180 3998 198 4080 8
224 3998 262 4059 1:
312 3992 382 4059 «G.
408 3995 548 4061 Licinius
572 4018 589 4059 a
612 4008 758 4085 praetore
783 4016 844 4060 sao
867 3994 1036 4084 postularit
1060 3994 1107 4059 uti
1132 3995 1215 4085 (lege
1241 4018 1314 4062 eum

126 4115 234 4181 codice
265 4127 297 4180 et
325 4115 451 4180 Valerio
481 4115 576 4194 VIII,
608 4120 628 4181 6
663 4119 681 4202 8
711 4122 722 4179 1
751 4115 802 4203 at)
826 4115 909 4205 patri
933 4137 989 4179 suo
1013 4113 1124 4193 bonis,
1149 4127 1314 4205 tamquam

126 4259 163 4302 ea
190 4235 369 4324 dissipanti,
399 4235 676 4303 interdiceretur.»
723 4236 842 4301 Verum
866 4233 1041 4324 carpendus
1064 4247 1128 4314 est,
1154 4236 1240 4324 quod
1264 4258 1312 4301 se·

127 4355 252 4447 quentis
284 4354 402 4447 Capitis
435 4359 452 4441 §
490 4360 528 4421 10
559 4355 749 4422 vocabulum
773 4356 928 4435 omiserit,
954 4379 991 4421 ex
1015 4355 1140 4420 Valerio
1167 4356 1267 4435 VIII,
1293 4360 1311 4421 7

127 4480 197 4546 llxt.
230 4481 247 4563 8
280 4480 299 4540 2
334 4476 393 4543 rite
423 4476 634 4565 descriptum:
684 4477 802 4543 «Plato
832 4475 1012 4566 Aegyptum
1047 4477 1237 4566 peragravit.
1287 4475 1314 4541 Δ

125 4597 338 4667 sacerdotibus
358 4597 425 4663 eius
447 4599 777 4687 gentisgeometriae
800 4598 990 4688 multiplices
1013 4620 1161 4664 numeros
1186 4610 1217 4664 et
1242 4618 1315 4663 eae·
