2888 5144
124 321 178 388 ,34
515 334 633 381 c1erno
658 335 700 381 nr
725 337 766 384 nr
792 337 945 385 ruumca.

134 517 242 595 specto
264 504 402 570 minutas
420 502 575 570 litterulas
600 525 658 572 rar
680 505 883 596 praecedenti
905 509 1009 574 versui
1027 509 1061 573 in
1081 510 1224 600 margine
1245 509 1319 575 sub-

127 627 249 707 ‚iunxit;
283 627 432 716 fugerunt
463 640 672 694 correctorem
703 629 766 695 sire
794 651 901 695 erasae
931 629 995 696 sire
1017 631 1197 710 tenuiores,
1221 643 1254 697 et
1275 631 1320 697 sic

122 748 260 817 -easdam
298 746 513 836 superaddidit
544 747 656 815 litteris
686 753 739 815 tia
770 751 804 815 in
834 771 926 816 versu
955 764 1118 840 sequente.
1167 749 1320 817 Similiter

124 867 215 934 libro
236 867 279 932 Π.
302 869 320 951 §
345 870 365 930 2
389 888 425 932 cx
449 885 507 954 qut
524 866 645 932 lactum
666 880 713 933 est
736 838 847 956 quaid,
872 869 957 958 quod
979 883 1049 937 tum
1071 872 1115 937 ita
1138 871 1233 936 erasit
1248 893 1319 937 cor·

133 1000 258 1067 rector,
283 1000 319 1053 ut
338 1007 494 1076 qutnuno
505 1001 612 1056 restet.
639 988 759 1057 Eodem
771 990 951 1057 modolibri
963 992 1007 1059 11.
1024 995 1042 1078 §
1058 997 1100 1058 26
1107 990 1318 1083 patriocinio

132 1111 190 1177 ubi
212 1108 391 1198 legebatur,
416 1109 537 1198 primae
561 1112 577 1173 ι’
599 1110 811 1200 suprascripta
834 1123 880 1177 est
899 1111 1004 1178 littera
1024 1135 1060 1192 o,
1080 1136 1144 1202 qua
1162 1114 1203 1179 ab
1220 1114 1317 1180 altera

131 1253 232 1296 rnanu
260 1230 325 1296 rire
355 1229 500 1319 neglecta
530 1230 594 1295 sire
624 1252 689 1295 non
721 1230 823 1310 lecta,
850 1251 871 1297 u
895 1232 979 1298 facta
1001 1246 1048 1299 est
1070 1256 1108 1300 er
1130 1253 1182 1314 cr,
1208 1257 1316 1326 super-

132 1351 256 1417 additae
286 1364 360 1417 sunt
389 1369 429 1418 cc
461 1361 494 1416 et
524 1369 555 1429 1,
587 1363 619 1417 et
648 1363 804 1441 expuncta
827 1353 861 1417 in
883 1355 1029 1442 sequenti
1050 1377 1144 1420 rersu
1165 1357 1316 1421 termina-

131 1473 237 1552 tione,
266 1472 434 1538 subiuncta
458 1483 504 1536 est
528 1471 633 1540 littera
656 1494 676 1537 o
698 1472 733 1537 in
757 1474 900 1562 margine
922 1473 1151 1564 praecedentis.
1200 1473 1315 1542 Contra

129 1617 195 1660 uon
217 1593 327 1671 rideo,
352 1615 410 1658 cur
433 1591 533 1657 altera
555 1614 669 1656 manus
691 1591 765 1658 libri
792 1593 836 1663 ll.
862 1596 880 1679 §
904 1599 949 1660 30
974 1618 1042 1660 nort
1065 1597 1316 1686 suprascripserit

131 1713 285 1781 vocabulo
300 1713 478 1800 fortuito,
502 1733 577 1777 nam
596 1711 762 1801 legebatur
781 1715 900 1804 optime
915 1728 1041 1781 exarata
1063 1717 1201 1806 negatio.
1236 1717 1315 1782 'lum

130 1834 272 1902 eiusdem
302 1832 375 1898 libri
407 1836 425 1918 §
456 1835 497 1898 31
531 1855 586 1898 suo
617 1833 688 1899 loco
711 1835 795 1900 inter
817 1834 917 1900 lineas
939 1836 1097 1927 adscripta
1120 1849 1194 1903 sunt
1216 1841 1315 1926 isque

127 1955 174 2021 de
209 1957 357 2044 imperio
388 1975 470 2031 rato,
504 1953 656 2044 exemplo
688 1953 846 2042 Pompili
876 1979 893 2020 a
923 1958 1027 2046 prima
1057 1980 1156 2023 manu
1187 1959 1312 2038 omissa3

130 2089 226 2165 atqua
253 2096 379 2164 prorsus
410 2071 520 2139 eadem
549 2074 584 2138 in
615 2073 680 2139 ima
710 2075 826 2164 pagina
855 2076 1018 2166 leguntur.
1064 2077 1189 2143 Ibidem
1222 2081 1241 2164 §
1274 2081 1314 2144 tc

129 2195 321 2263 vocabulum
350 2196 503 2259 invictus
523 2195 559 2259 in
582 2216 705 2260 summa
728 2196 844 2284 pagina
862 2196 988 2262 iteravit
1005 2199 1163 2264 recentior
1180 2222 1313 2279 manus,

129 2316 253 2384 etiarnsi
282 2326 368 2382 recte
399 2337 455 2381 suo
485 2313 555 2380 loco
586 2315 621 2380 in
648 2326 737 2381 textu
764 2327 879 2396 erstat3
911 2315 990 2382 latet
1012 2316 1107 2384 buius
1130 2320 1176 2385 rei
1200 2343 1313 2400 causa,

128 2438 190 2503 nisi
217 2437 299 2503 forte
320 2436 421 2500 forma
440 2436 647 2526 comparativi
669 2435 814 2502 Ciceroni
837 2434 923 2501 baud
946 2436 990 2502 ita
1010 2459 1081 2502 rara
1100 2437 1229 2505 librario
1248 2440 1313 2506 lec·

127 2558 227 2625 terite
273 2555 412 2622 notanda
454 2557 519 2622 risa
552 2557 604 2623 sit.
663 2555 756 2643 Quod
789 2579 877 2623 nunc
911 2556 1027 2646 legitur
1061 2559 1080 2643 ς
1116 2562 1158 2624 52
1193 2560 1313 2627 ibidem

128 2701 251 2746 carere
283 2700 364 2767 rege
388 2699 430 2742 er
460 2675 581 2767 duplici
611 2678 806 2743 correctione
836 2677 946 2743 elicuit
978 2677 1099 2756 editor,
1130 2701 1205 2744 narn
1229 2679 1314 2769 quod

127 2802 267 2890 primum
296 2794 535 2887 caaelreregee
563 2809 651 2875 erat,
683 2818 724 2861 re
757 2797 967 2886 suprascripta
994 2798 1120 2865 litterae
1143 2823 1186 2878 at,
1209 2823 1313 2890 punc-

127 2920 230 3007 tisque
261 2931 369 2984 notata
400 2917 498 2982 altera
527 2915 650 3002 syllaba
677 2938 737 2995 re,
769 2939 920 3006 erasaque
952 2941 989 2997 s,
1021 2942 1087 2994 non
1115 2919 1236 2986 factum
1266 2934 1313 2988 est

128 3061 251 3106 carere
280 3061 362 3129 rege
391 3038 452 3103 nisi
481 3036 592 3126 spretis
621 3036 759 3126 punctis.
807 3037 955 3127 lienique
986 3041 1004 3125 §
1038 3044 1082 3106 at
1104 3041 1229 3108 litterae
1251 3064 1311 3120 ve,

129 3182 210 3248 quae
233 3159 425 3225 deficiebant
447 3159 480 3223 in
504 3179 587 3222 neoc
609 3157 811 3222 verberaret
832 3157 881 3222 bis
903 3157 1029 3226 additae
1052 3173 1136 3226 sunt.
1241 3224 1244 3228 .

173 3401 255 3467 Ibid.
305 3399 471 3465 Potestas
495 3408 549 3464 est
572 3421 616 3463 esc
636 3408 796 3490 tempore.
832 3398 964 3466 Dubitat
982 3400 1084 3468 Maius
1104 3407 1312 3471 correxeritne

128 3522 227 3588 altera
250 3544 362 3587 manus
386 3525 423 3585 in
449 3529 618 3609 tempore,
648 3533 680 3586 et
703 3543 736 3586 re
759 3544 832 3586 vera
855 3535 1031 3588 cernuntur
1043 3523 1232 3590 lineolarum
1242 3549 1311 3592 res-

128 3644 207 3733 tigia
237 3642 393 3732 quaedam
424 3641 592 3719 crassiora,
629 3663 710 3730 quae
745 3662 821 3706 eave
854 3664 912 3731 pro
946 3642 1059 3708 litteris
1090 3662 1124 3710 ut
1155 3647 1310 3736 accipias,

128 3788 203 3831 nam
234 3764 274 3830 de
304 3765 435 3829 istarum
464 3762 575 3828 saltem
603 3762 724 3851 origiue
754 3760 1040 3854 eoustat‚'quippe
1063 3787 1144 3854 quae
1167 3767 1312 3834 maculae

128 3898 216 3952 ortae
246 3885 308 3951 sint
335 3906 371 3949 er
400 3904 470 3947 roo.
496 3883 564 3945 mee'
585 3880 653 3946 folii
674 3881 892 3970 praecedentis
915 3886 958 3950 82
970 3931 980 3964 ,
1005 3884 1090 3974 quod
1113 3886 1194 3952 iusto
1219 3889 1311 3954 citius

128 4005 274 4076 librarius
297 4004 408 4082 vertit,
425 4015 464 4068 ’et
487 4002 531 4067 sic
554 4001 636 4067 bene
657 4001 778 4070 multae
800 4004 945 4072 maculae
968 4019 1121 4096 apparent
1142 4007 1177 4072 in
1195 4009 1311 4098 pagina

129 4127 193 4204 83,
237 4130 373 4216 quarum
415 4123 570 4189 rationem
608 4123 730 4189 nullam
767 4124 880 4191 babuit
914 4125 1038 4206 editor,
1074 4128 1211 4218 exceptis
1240 4129 1310 4209 bis,

130 4268 212 4334 quae
241 4246 379 4334 speciem
401 4242 563 4333 quandam
585 4244 738 4334 praebent
759 4245 937 4314 litterarum
962 4252 1022 4326 irr,·
1046 4269 1112 4313 nou
1135 4249 1221 4314 enim
1243 4272 1312 4316 sus-

127 4366 228 4457 picari
254 4365 330 4432 lieet
360 4366 481 4433 Maium
511 4365 552 4432 de
578 4366 677 4434 hacce
699 4370 930 4458 praepositione
951 4369 1150 4437 dubitantem
1173 4369 1233 4436 sibi
1256 4393 1312 4439 ro·

127 4488 223 4553 luisse
245 4485 491 4576 suprascriptum
515 4485 685 4576 Augustini
707 4512 729 4553 «
739 4493 894 4558 innocens
904 4514 925 4555 »
933 4492 1091 4570 ,etiamsi
1113 4492 1202 4558 istius
1221 4515 1309 4561 erro-

127 4610 170 4675 ris
193 4606 280 4675 aliud
303 4606 483 4697 erernplum
501 4608 679 4678 invenerim
701 4611 758 4680 lib.
785 4612 828 4680 11.
858 4615 876 4697 §
904 4617 957 4680 43.
