2888 5144
521 315 706 364 scmrrnns
732 315 875 362 conrcrs.
935 380 939 387 Ι
1297 302 1314 363 7

129 486 206 577 phia
222 499 361 554 versatus
379 487 522 551 omnium
537 486 704 551 nationum
719 496 751 550 et
765 486 992 575 seripturarum
1005 509 1120 573 genera
1135 488 1317 577 speciesque

130 608 339 696 conquisivit,
366 629 501 697 quarum
519 604 618 695 lapidi
640 605 738 673 incisa
757 628 816 671 nec
840 628 925 684 non,
949 604 1006 670 ubi
1018 628 1096 695 opus
1107 620 1206 686 esset,
1230 608 1317 674 colo-

130 741 199 794 rata
221 727 345 818 publici
362 728 439 793 iuris
458 727 534 792 fecit
554 726 747 815 specimina,
769 726 900 815 singulis
916 727 990 792 satis
1008 726 1131 792 erudita
1147 730 1318 817 praemissa

130 849 446 928 commentatione¹;
474 870 555 937 qnae
579 846 707 913 tabulae
730 847 804 912 satis
823 860 971 914 accurate
989 848 1107 915 incisae
1127 861 1159 915 et
1182 848 1318 940 diligen·

130 972 249 1038 tissime
280 969 459 1037 elaboratae
490 967 638 1035 codicum
669 968 767 1034 instar
797 969 834 1034 iis
862 969 942 1048 sint,
974 968 1089 1058 quibus
1120 967 1216 1036 libros
1246 970 1318 1037 illos

130 1092 362 1181 manuscriptos
385 1091 540 1180 inspicere
563 1112 623 1157 nec
646 1102 748 1156 terere
770 1091 861 1180 copia
885 1102 943 1156 est.

177 1212 361 1278 Tullianum
385 1234 462 1301 opus
482 1211 515 1276 iu
542 1209 591 1276 his
614 1209 807 1276 membranis
825 1211 928 1300 primo
948 1221 1109 1277 exaratum
1133 1210 1194 1277 fuit
1217 1235 1319 1303 «spa-

130 1332 215 1398 tiosis
239 1332 350 1399 litteris
370 1355 444 1399 eum
462 1332 496 1398 in
515 1331 666 1410 modum,
692 1342 728 1396 ut
747 1329 889 1419 singulae
905 1330 1040 1419 paginae
1059 1329 1142 1397 binis
1157 1331 1318 1397 laterculis

131 1465 296 1530 constent,
331 1476 412 1542 quae
436 1475 544 1518 rursus
565 1450 689 1541 singula
712 1448 896 1539 quindecim
919 1472 1024 1516 versus
1047 1450 1316 1540 complectantur,

130 1575 165 1640 in
187 1573 318 1663 singulis
342 1596 415 1640 sero
439 1571 578 1640 versibus
601 1571 726 1638 litterae
748 1571 874 1637 circiter
896 1568 1006 1636 decern
1027 1569 1211 1659 legantur.»
1258 1571 1318 1639 Ul-

131 1696 246 1761 timum
262 1693 342 1761 illud
362 1693 448 1759 haud
466 1694 511 1759 ita
531 1691 710 1782 urgendum
728 1704 796 1771 est,
819 1715 894 1757 nam
906 1691 1011 1758 littera
1023 1715 1055 1755 m
1072 1689 1167 1756 modo
1182 1690 1318 1757 duamm

129 1815 462 1904 litterarum'spatium
479 1814 540 1880 sibi
558 1785 715 1903 postulat,
739 1811 833 1878 modo
853 1812 887 1877 in
906 1811 971 1878 fine
989 1834 1095 1877 versus
1119 1834 1183 1878 non
1202 1813 1318 1903 scripta

132 1935 327 2026 significatur
356 1957 414 2023 per
441 1934 611 2013 lineolam,
641 1955 723 2023 quae
753 1932 869 2022 passim
900 1931 1010 1999 itidem
1033 1932 1138 1999 medio
1162 1934 1196 1999 in
1227 1957 1319 2000 versu

134 2056 286 2134 occurrit,
311 2077 554 2144 nonnumquam
574 2055 697 2122 etiamsi
718 2055 819 2120 rarius
840 2076 898 2143 pro
914 2053 1020 2120 littera
1037 2077 1060 2119 n
1077 2056 1190 2145 posita.
1237 2057 1319 2123 'lum

130 2178 308 2245 litterarum
330 2199 478 2243 mensura
503 2175 581 2242 adeo
604 2177 690 2243 saria
713 2187 780 2254 est,
807 2187 841 2240 ut
865 2173 951 2264 quod
974 2187 1094 2264 septem
1117 2198 1228 2242 earum
1251 2178 1319 2244 sine

131 2299 215 2388 siglis
246 2297 410 2387 requirant
439 2297 593 2386 spatium,
622 2297 656 2362 in
687 2296 798 2362 eadem
821 2296 937 2385 pagina
963 2319 1036 2360 mor
1059 2295 1229 2366 duodecim
1259 2301 1319 2367 rite

130 2421 265 2509 scriptae
289 2417 481 2507 compleant.
529 2416 620 2483 Adde
644 2415 729 2506 quod
751 2417 895 2497 litterae,
919 2430 1014 2506 prout
1036 2417 1165 2484 librario
1188 2418 1319 2508 placue-

131 2543 173 2606 rit
192 2551 247 2606 aut
268 2563 317 2605 res
345 2537 530 2628 postularit,
551 2538 585 2602 in
608 2537 673 2603 fine
696 2559 843 2603 versuum
867 2537 1095 2627 aliquantisper
1110 2540 1318 2621 minuantur,

131 2673 167 2726 ut
189 2671 276 2726 recte
299 2658 423 2724 monuit
446 2658 569 2738 Maius,
599 2680 671 2747 pag.
693 2676 754 2737 ux,
787 2669 841 2722 aut
864 2658 898 2723 in
921 2681 1160 2748 monogramma
1184 2673 1317 2742 coeant,

130 2782 220 2846 cuius
244 2781 291 2846 rei
318 2779 398 2846 haec
425 2791 598 2845 occurrunt
625 2777 787 2868 exempla:
818 2801 881 2858 ae,
906 2778 970 2858 ds,
1001 2803 1060 2859 nc,
1086 2805 1149 2860 us,
1175 2790 1231 2861 nt,
1257 2805 1317 2864 or,

130 2924 190 2981 re,
213 2924 282 2980 ua,
307 2903 364 2978 ui,
388 2899 449 2978 ul,
473 2921 549 2978 um,
574 2921 640 2978 un,
665 2922 748 2979 uuo,
774 2922 839 2979 ur,
864 2923 926 2980 us,
950 2909 1000 2966 ut.
1046 2901 1143 2967 Porro
1166 2904 1319 2970 termina·

129 3022 175 3088 tio
203 3022 264 3085 dus
296 3031 327 3087 et
351 3021 533 3086 coniunctio
564 3042 629 3110 que
653 3022 756 3111 prima
779 3033 903 3087 tantum
926 3021 1031 3088 littera
1055 3021 1177 3090 adiecto
1198 3038 1318 3114 puncto

128 3141 330 3220 indicantur,
349 3138 615 3229 quemadmodum
629 3162 805 3229 pronomen
817 3163 906 3229 quae
923 3162 981 3230 per
1000 3117 1054 3230 qs,
1071 3153 1140 3208 tum
1160 3143 1194 3208 in
1213 3144 1317 3211 medio

128 3285 221 3330 versu
244 3274 314 3327 tum
337 3261 371 3325 in
393 3259 478 3338 fine,
511 3282 592 3348 quae
616 3260 739 3349 singula
768 3261 861 3326 unius
884 3273 1010 3326 tantum
1032 3261 1157 3328 litterae
1180 3266 1316 3353 spatium

128 3383 189 3449 sibi
212 3381 385 3448 vindicant.
434 3378 555 3446 Deinde
587 3380 708 3470 vulgari
736 3381 830 3446 modo
859 3382 1041 3461 eonsules,
1067 3384 1222 3473 populus
1246 3383 1318 3450 Ilo·

128 3525 273 3584 manus,
292 3500 596 3590 tribunusplebis,
615 3525 652 3568 ex
665 3501 779 3567 initiali
794 3514 849 3567 aut
864 3501 1021 3592 prioribus
1032 3503 1145 3569 litteris
1158 3504 1317 3595 adscripto

128 3636 249 3714 puncto
280 3622 487 3711 intelligitur,
520 3635 556 3688 ut
587 3624 620 3688 in
649 3622 744 3689 verbo
768 3625 989 3714 respublica
1013 3625 1119 3691 littera
1138 3624 1175 3690 P.
1202 3627 1317 3691 sufficit

130 3745 170 3811 ad
201 3766 309 3810 omnes
341 3766 430 3808 casus
457 3756 588 3833 excepto
615 3745 752 3833 genitivo
779 3744 896 3833 plurali
925 3744 1122 3811 indicandos.
1170 3745 1315 3835 Denique

128 3865 214 3932 haud
237 3866 281 3930 ita
305 3876 450 3930 constans
472 3864 612 3930 rersibus
635 3877 682 3930 est
704 3887 871 3943 mensura,
904 3876 1067 3954 praeterea
1087 3864 1176 3964 'quod
1198 3867 1315 3956 passim

128 3987 185 4052 ubi
215 4008 296 4051 nova
328 3997 395 4051 erat
423 3983 602 4050 inchoanda
631 3986 805 4064 sententia,
835 3985 981 4051 librarius
1011 3984 1177 4074 superioris
1208 4008 1314 4052 sersus

126 4155 311 4180 -ό-ι

164 4271 190 4335 1)
207 4271 392 4338 Paleogrephie
411 4270 565 4324 universelle
577 4289 611 4324 ou
625 4273 766 4327 Collection
780 4278 812 4328 de
825 4275 977 4327 rac-simite
994 4276 1140 4328 d'ecritures
1155 4279 1187 4328 de
1201 4285 1258 4328 tous
1274 4279 1312 4331 los

127 4359 231 4423 periples
244 4365 269 4408 et
285 4359 318 4408 de
335 4365 390 4409 tous
404 4358 442 4408 les
456 4363 549 4422 temps,
566 4359 626 4410 tiros
639 4361 683 4411 des
696 4365 753 4428 plus
767 4363 944 4427 authentIquas
960 4363 1107 4414 documenta
1122 4364 1167 4414 des
1181 4364 1311 4415 bibliothe-

126 4457 190 4508 ques
206 4444 238 4492 de
255 4443 368 4504 France,
390 4443 505 4502 alsatie,
528 4443 722 4510 d'Allemagne,
744 4447 924 4513 d'Angleteme
941 4464 986 4514 par
1003 4448 1041 4499 M.
1059 4447 1199 4508 Silvestre,
1215 4464 1311 4498 accom-

126 4530 222 4594 pagnes
243 4530 436 4594 d'explieations
452 4528 612 4595 descripsisse
629 4547 674 4596 par
691 4530 870 4598 champollion
886 4533 980 4599 Figoec
997 4540 1022 4586 et
1039 4533 1116 4587 Aime'
1132 4531 1311 4599 Champollion

125 4615 174 4667 fite.
208 4616 288 4669 Paris.
304 4617 388 4668 Dicet
