2888 5144
180 319 242 381 114
335 322 341 334 ’
610 340 637 384 c.
666 336 774 383 ruerus
799 336 932 382 vrorou.

175 508 267 595 quale
295 509 334 572 sit
358 509 419 572 «in
442 530 479 572 eu
504 508 706 594 quaestione,
733 528 814 594 qnae
836 517 975 571 versatur
993 509 1026 571 in
1047 507 1179 594 negotiis
1198 505 1358 587 oirilibus3

173 628 276 693 civilia
300 641 405 694 autem
430 629 555 717 negotiu
578 650 661 705 esse,
687 649 769 716 quse
792 626 880 691 nulla
905 639 971 692 arte
991 627 1118 716 propria
1135 627 1360 707 eontinentur,

172 746 224 812 sed
266 770 375 815 earum
419 770 525 815 rerum
559 759 729 814 tractatum
761 747 900 826 hebent,
938 768 1019 836 qnae
1046 748 1288 838 perficiuntur
1305 771 1361 814 ..ex

171 869 320 957 opinione
355 870 516 936 communi
553 881 608 934 ant
640 868 764 957 legibus
799 881 854 933 aut
876 868 1016 935 moribus
1029 892 1063 945 ‚>›
1087 868 1183 947 dixit,
1208 870 1244 936 ni
1265 869 1361 935 fallor

162 991 460 1078 prpteiseuntnr,
484 1001 521 1055 nt
545 988 692 1054 librarius
713 987 811 1054 dedit.

214 1110 343 1175 Minoris
365 1111 519 1176 momenti
542 1122 588 1174 est
611 1107 686 1173 ibid.
708 1131 737 1173 r.
767 1110 808 1173 le
831 1108 933 1173 forma
958 1109 1055 1187 dein,
1079 1108 1247 1176 ubioodex
1257 1109 1358 1178 habet

167 1219 270 1312 deiri,
302 1230 334 1294 id
365 1242 411 1294 est
443 1227 588 1305 deinde,
617 1240 650 1292 ut
674 1239 758 1294 reete
780 1226 878 1294 edidit
900 1227 1004 1293 Maius
1026 1251 1058 1317 p.
1089 1232 1151 1294 198
1176 1252 1205 1294 r.
1233 1233 1298 1308 91,
1318 1254 1356 1319 p.

170 1358 236 1420 203
260 1376 289 1417 r.
317 1356 357 1429 5,
382 1363 442 1416 oet.
534 1370 537 1375 ’

211 1473 328 1540 Contra
367 1468 483 1537 lineola
517 1471 641 1537 litterae
669 1494 700 1560 p
734 1470 906 1536 adhaerens
941 1471 1018 1535 item
1052 1469 1206 1536 editorem
1239 1470 1356 1537 fefellit

162 1596 279 1661 mirum
300 1595 334 1659 in
358 1592 488 1657 modum
513 1588 592 1681 Gap.
625 1590 658 1655 ΙΙ
684 1614 716 1680 p.
746 1594 811 1656 199
835 1613 863 1654 r.
889 1596 924 1669 53
946 1603 1088 1655 versatur
1108 1589 1217 1657 rhetor
1239 1592 1274 1657 in
1297 1613 1354 1659 oa·

160 1718 225 1807 pite
249 1715 288 1780 de
312 1724 466 1801 asporto,
496 1709 582 1801 quod
612 1711 720 1777 thema
750 1712 1020 1778 circumstantiam
1050 1730 1115 1776 uou
1148 1710 1263 1791 babet,
1296 1712 1355 1778 ubi

160 1837 353 1902 demonstrat
377 1837 411 1899 in
434 1833 577 1922 exemplo
600 1832 737 1922 quodam
761 1855 888 1921 «qnam
914 1855 993 1896 sero
1015 1844 1048 1898 et
1068 1855 1125 1922 per
1142 1841 1225 1920 quot
1235 1832 1354 1922 gradus

160 1969 291 2022 rentum
314 1955 353 2019 sit
377 1954 416 2018 ad
443 1966 559 2019 statum
582 1952 615 2018 id
638 1966 684 2018 est
707 1954 742 2019 ri
761 1953 970 2035 aperissem»
989 1965 1058 2018 turn
1078 1965 1149 2043 post
1168 1966 1354 2021 securatam

159 2096 271 2141 euusee
294 2073 522 2164 expositionem
545 2071 688 2138 subiicit:
715 2094 737 2136 «
749 2072 963 2158 Quintilianus
984 2073 1060 2138 dicit
1066 2077 1245 2164 premitus·
1258 2075 1351 2141 iute-

158 2197 220 2262 niri
239 2209 376 2274 statum,
407 2196 432 2259 si
455 2195 603 2284 rogites»
626 2194 707 2272 alia,
737 2217 819 2283 quae
842 2216 929 2260 nuno
951 2194 1065 2273 mitto,
1090 2217 1165 2260 nam
1187 2196 1260 2283 quis
1282 2216 1360 2261 non¹

157 2316 244 2384 ridet
268 2327 354 2383 reete
378 2316 535 2406 scripsisse
558 2314 724 2380 librarium
740 2315 948 2406 promtius?

201 2436 303 2504 Versu
339 2441 383 2504 20
417 2435 517 2502 eiusd.
551 2460 626 2546 pap.
664 2436 800 2526 legitur:
827 2436 952 2525 «quod
972 2438 1029 2502 laio
1052 2439 1231 2504 confessum
1253 2449 1350 2518 est,»

157 2568 188 2622 at
220 2556 254 2621 in
286 2553 415 2623 eodioe:
449 2559 514 2620 «u
540 2554 563 2620 h
586 2554 764 2621 confessum
788 2568 881 2635 est»,
906 2556 939 2621 id
960 2556 1025 2622 est:
1051 2564 1118 2621 «et
1142 2559 1205 2622 boe
1225 2574 1254 2623 o.
1268 2559 1352 2636 e.,i›-

156 2676 240 2766 quod
270 2678 393 2744 etiamsi
424 2674 535 2743 eodem
559 2675 686 2756 redeat,
708 2699 772 2743 non
792 2690 857 2756 est,
884 2699 941 2743 our
961 2698 1024 2742 non
1048 2677 1168 2744 Victori
1181 2677 1346 2745 reddetur.

200 2798 275 2888 Pag.
308 2802 376 2865 200
399 2820 430 2863 r.
456 2801 476 2862 2
502 2794 581 2886 Gap.
606 2795 656 2862 ΙΙΙ
680 2799 697 2882 §
723 2800 744 2861 2
768 2799 932 2886 utriusque
956 2798 1122 2864 reihabes
1144 2798 1358 2889 exemplum,=·

154 2930 262 2984 notam
292 2918 364 2984 dieo
387 2917 557 3008 litteraep
580 2918 667 2984 male
689 2917 822 2997 lentam,
847 2941 1041 3008 quamquam
1063 2938 1171 2984 sensus
1191 2938 1259 2985 nou
1281 2918 1348 2984 dif-

154 3038 229 3119 fert3
260 3053 306 3104 est
334 3039 514 3129 exemplum
544 3040 659 3128 plenae
692 3041 911 3106 coniecturae:
943 3039 1137 3129 «despondit
1160 3038 1262 3106 liliam
1285 3064 1345 3129 pe-

154 3159 234 3224 tenti
261 3172 369 3249 pater,
402 3159 587 3226 exclamarit
616 3172 719 3226 mater
735 3163 860 3251 potius
879 3182 962 3239 esse,
987 3173 1023 3225 nt
1045 3161 1218 3240 moriatur,
1244 3182 1356 3248 quam>

153 3290 190 3343 ut
220 3278 268 3344 illi
284 3260 414 3358 nnbat,
444 3278 523 3345 obiit
546 3278 675 3370 puella,
701 3293 778 3361 eet.;
791 3303 812 3344 >s
833 3281 956 3347 litterae
972 3304 1003 3372 p
1023 3281 1233 3370 superscripta
1255 3292 1303 3347 est
1328 3284 1349 3349 i.

153 3420 226 3464 oum
250 3399 342 3489 signo
367 3401 598 3468 terminationis
621 3422 683 3481 us,
707 3400 739 3466 id
763 3415 810 3467 est
825 3406 947 3493 prius.

199 3520 337 3587 Litterae
360 3545 383 3610 q
407 3520 607 3613 superaddita
630 3526 646 3586 i
668 3523 825 3612 signifieat
847 3527 925 3611 qui,
950 3543 1013 3587 non
1034 3528 1134 3611 quis,
1158 3524 1246 3588 utin
1265 3523 1344 3591 Maii

153 3639 289 3707 editione
320 3641 436 3732 legitur
467 3641 545 3734 Gap.
577 3643 626 3709 111
658 3645 676 3728 §
709 3649 745 3709 3:
795 3643 873 3722 «Is,
905 3647 985 3731 quis
1014 3665 1051 3708 er
1073 3642 1148 3707 fano
1170 3645 1342 3733 pecuniam

152 3761 327 3853 subripuit,
353 3761 393 3826 ud
415 3785 551 3853 poenam
575 3761 795 3852 depossitus,»
818 3775 903 3829 recte
924 3762 1343 3857 Orelliusemendaritpro·

152 3904 268 3948 nomen
293 3907 326 3971 p.
353 3886 414 3948 201
441 3907 472 3950 r.
507 3887 546 3951 15
559 3933 568 3964 ,
592 3906 668 3949 nam
692 3884 825 3949 alterum
849 3906 1024 3972 pronomen
1048 3884 1154 3949 addita
1179 3908 1196 3949 s
1217 3888 1344 3977 signifi·

152 4015 242 4068 eatur
272 4005 306 4068 in
334 4003 465 4084 codiee,
500 4019 536 4072 ut
565 4006 643 4073 ibid.
675 4030 703 4071 v.
737 4010 780 4070 26
802 4017 869 4069 «nt
892 4006 917 4070 si
937 4007 1006 4095 quis
1030 4004 1160 4086 dicat,>›
1184 4030 1247 4096 quo
1268 4008 1341 4076 loeo

151 4135 269 4213 puncta
300 4139 474 4215 apparent,
508 4127 621 4216 quibus
654 4126 787 4192 delenda
817 4139 889 4193 sunt
919 4127 1014 4192 rerba
1036 4132 1071 4192 si
1093 4132 1190 4216 quis,
1215 4130 1342 4197 etiamsi

152 4256 273 4310 retenta
296 4268 360 4310 non
385 4247 558 4313 offendunt.

197 4365 348 4445 Rhetori,
380 4368 434 4455 qni
462 4369 520 4434 sihi
542 4370 647 4460 placet
670 4373 703 4435 in
727 4393 786 4435 usu
811 4372 1018 4450 ooniunotivi,
1048 4373 1134 4461 huno
1157 4373 1245 4438 verbi
1268 4395 1339 4438 mo-

152 4487 228 4552 dum
258 4486 424 4552 reddamus
451 4490 520 4554 ead.
555 4514 625 4580 pag.
651 4516 677 4555 r.
706 4495 767 4570 41,
793 4493 849 4558 ubi
872 4491 988 4560 lineola
1013 4493 1132 4559 Maium
1156 4495 1280 4585 ingerat
1304 4496 1337 4560 in

152 4608 216 4673 his:
253 4632 323 4674 «on
347 4609 496 4699 profanus
521 4612 578 4689 sit,
605 4615 659 4700 qui
683 4614 758 4678 talia
783 4618 1060 4711 somniaverit»,
