2888 5144
522 347 525 352 ·
580 339 814 386 turnooaorro.
1271 325 1288 382 5

103 532 188 574 mam
213 532 373 598 quamque
397 509 567 573 editionem
590 509 767 598 principem
792 506 929 587 cadunt,
960 519 992 572 et
1015 507 1120 571 locum
1145 507 1289 572 obtinent

102 631 135 694 in
167 629 275 695 codice
298 630 518 719 palimpsesto,
545 629 634 694 cuius
650 630 805 718 scriptura
821 629 936 692 iustam
956 627 997 692 ob
1017 650 1144 693 causam
1167 627 1290 716 saepius

102 750 196 815 fallar
219 762 266 815 θεῖ
286 763 381 840 atque
411 752 532 818 incerta
564 750 667 839 primo
691 749 882 838 inspicienti.
932 749 1092 834 Quosnam
1110 749 1232 813 fructus
1255 747 1290 812 hi

101 870 174 934 libri
197 869 319 959 politici
338 894 374 935 er
399 869 475 936 Maii
486 869 631 936 secundis
655 869 738 934 curis
762 867 982 958 perceperint,
1006 867 1157 947 videsis,
1179 867 1290 934 ordine

101 989 244 1056 laudatos
276 990 360 1080 apud
386 990 551 1057 Osannum
575 991 608 1054 in
634 990 784 1078 primaria
808 1011 863 1052 sua
893 988 1031 1054 editione
1057 988 1115 1054 Rei
1140 989 1289 1054 Publicae

104 1109 423 1200 (Gdttiugen1847l,
447 1133 509 1198 qua
528 1113 571 1175 20
589 1131 698 1175 omnes
718 1109 891 1198 superiores
911 1107 1101 1174 obscurarit.
1140 1110 1289 1176 Attamen

102 1233 133 1296 in
154 1232 293 1299 secunda
312 1232 387 1310 illa,
413 1254 509 1320 quam
533 1231 635 1297 Maius
655 1231 775 1296 notarit
796 1229 940 1295 lectionis
963 1231 1113 1296 uarietate
1132 1231 1290 1318 acquiesci

102 1375 165 1417 non
189 1366 309 1442 potest,
334 1356 450 1443 passim
474 1353 560 1418 enim
583 1353 677 1417 nimis
701 1375 798 1440 vage,
824 1364 858 1415 ut
881 1350 943 1416 hoc
966 1363 1058 1429 utar,
1084 1350 1141 1416 lib.
1160 1351 1205 1416 ll.
1234 1354 1288 1436 §2
1320 1417 1323 1423 ,

103 1472 142 1536 ad
165 1473 261 1539 rerba
286 1478 466 1539 institutis
490 1473 612 1562 scripsit
632 1473 686 1538 ille
710 1485 900 1561 «postrema
922 1471 1002 1537 haee
1028 1470 1121 1538 rerba
1141 1484 1288 1560 repetun-

102 1608 173 1673 tur,
205 1617 342 1684 moxque
365 1606 635 1684 expunguntur3»
667 1605 699 1657 at
722 1592 841 1658 latebat
872 1593 932 1657 tria
955 1604 1080 1657 tantum
1104 1590 1200 1656 rerba
1223 1613 1289 1656 esse

103 1717 255 1804 repetita,
280 1739 339 1783 nec
352 1738 427 1780 rero
439 1727 608 1804 expuncta.
658 1712 721 1779 Sed
739 1736 804 1778 non
820 1712 909 1778 lubet
921 1711 1089 1779 discrimen
1102 1712 1288 1790 decantare,

106 1835 192 1924 quod
216 1834 386 1902 secundam
410 1836 494 1901 inter
513 1834 648 1899 Romani
672 1832 798 1899 editoris
821 1834 997 1923 parciorem
1018 1832 1220 1899 collationem
1239 1833 1289 1897 in·

106 1954 244 2023 torcedat
263 1969 295 2021 et
314 1955 600 2033 accuratissimam,
626 1977 722 2043 quam
745 1977 853 2019 mense
876 1954 990 2019 martio
1013 1955 1089 2019 anni
1115 1958 1200 2019 1858
1224 1953 1290 2042 ipse

109 2078 248 2158 confeci3
276 2076 406 2143 dedecet
424 2078 509 2142 enim
529 2097 585 2141 sua
602 2076 699 2164 ipsius
718 2074 867 2153 laudare,
886 2088 918 2141 et
934 2073 1064 2141 habebit
1085 2097 1156 2140 mea
1177 2097 1240 2162 quo
1258 2097 1290 2138 se

105 2197 324 2278 commendet,
343 2200 369 2264 si
385 2198 579 2288 superiorem
598 2199 803 2286 superarerit.
854 2195 925 2262 Alia
944 2196 1100 2287 quaedam
1120 2197 1198 2262 mihi
1217 2210 1290 2262 sunt

104 2318 355 2406 praemittenda,
390 2343 470 2408 quae
494 2318 596 2385 Maius
619 2330 651 2381 et
676 2315 821 2382 Osannus
844 2317 949 2382 minus
973 2331 1118 2384 accurate
1143 2317 1289 2383 adminis-

103 2450 199 2504 trasse
223 2437 379 2505 ridentur.

634 2626 769 2640 m

464 2771 710 2840 SdlllPl'URh
748 2770 926 2839 CODI'OIS.

149 2949 374 3039 Palimpsestus
393 2950 432 3016 de
457 2951 504 3016 Re
525 2950 656 3016 Publica
681 2950 871 3038 quibusnam
888 2950 960 3016 fatis
981 2951 1115 3016 Romam
1136 2949 1290 3017 deductus

103 3070 216 3149 fuerit,
257 3071 363 3137 videre
395 3073 496 3139 estin
533 3071 731 3136 Praefatione
760 3072 843 3161 apud
877 3071 1021 3151 Maium,
1059 3074 1111 3138 eui
1142 3070 1290 3139 historiae
1318 3128 1320 3132 ,

103 3190 265 3255 subiunxit
289 3190 413 3258 Codicis
438 3191 681 3280 descriptionem
706 3191 849 3257 universe
873 3214 945 3257 rere
972 3204 1003 3257 et
1027 3203 1113 3258 recte
1137 3194 1290 3282 composi·

104 3325 190 3390 tam,
222 3310 393 3376 dummodo
420 3310 481 3377 hoc'
512 3335 612 3377 unum
640 3312 819 3401 exceperis,
853 3312 937 3400 quod
961 3334 1066 3378 errore
1096 3314 1291 3403 nescioquo

104 3430 204 3496 Maius
235 3432 293 3497 tibi
325 3444 435 3496 auctor
460 3432 518 3510 sit,
550 3431 668 3496 librum
690 3431 781 3497 illurn
805 3431 996 3497 Vaticanum
1015 3432 1086 3497 Lat.
1119 3433 1178 3499 ΝΟ.
1202 3439 1290 3501 5757

103 3552 383 3619 membranaceum
403 3577 468 3619 esse
487 3553 521 3617 in
532 3553 627 3640 folio
639 3575 650 3630 ,·
676 3564 708 3617 at
727 3553 760 3617 in
780 3562 907 3640 quarto
926 3552 973 3617 illi
990 3565 1036 3621 est
1052 3532 1169 3626 ¹forma,
1194 3577 1290 3643 quarn

103 3671 233 3752 dieunt,
266 3688 301 3740 ut
332 3674 478 3740 omnibus
508 3673 671 3739 Bobiensis
699 3672 910 3741 bibliothecae
942 3673 1122 3753 codicibus,
1154 3697 1291 3763 quorum

103 3793 309 3860 membranae
335 3807 443 3884 postea
467 3817 572 3861 erasae
597 3807 692 3883 atque
721 3794 866 3875 ablutae,
898 3795 1050 3863 dissectae
1073 3807 1168 3886 atque
1187 3797 1219 3860 in
1244 3795 1290 3860 di-

103 3934 207 3979 tersas
223 3913 431 3979 bibliothecas
443 3914 599 4005 dispersae
612 3937 698 3980 nuno
711 3916 839 3982 tandem
852 3917 952 3983 iussae
969 3930 1041 3982 sunt
1058 3915 1189 3982 reddere
1208 3940 1290 4006 quac

102 4035 149 4124 pii
173 4034 292 4101 scilicet
309 4035 429 4100 librarii
453 4035 666 4115 abstulerant,
692 4036 840 4103 Verrinas
861 4038 1021 4104 Tullianae
1041 4037 1132 4116 dico,
1158 4038 1290 4103 Fronto-

103 4176 200 4233 nem,
233 4155 342 4220 Dionis
373 4155 561 4245 Polybiique
593 4170 757 4246 excerpta,
791 4157 918 4224 Scholia
943 4157 1130 4238 Bobiensia,
1158 4160 1290 4225 Iuvena-

103 4275 187 4354 lem,
221 4276 385 4357 Persium3
420 4277 484 4341 imo
515 4276 626 4343 eadem
653 4277 753 4342 forma
783 4276 936 4366 quadrata
965 4278 1002 4341 iis
1030 4278 1112 4344 soliis
1139 4293 1225 4358 erat,
1254 4303 1291 4345 ex

104 4394 221 4485 quibus
245 4396 436 4486 Fragmenta
459 4396 630 4476 Vaticana,
663 4410 698 4462 ut
729 4396 813 4487 apud
842 4397 923 4462 Iuris
951 4395 1114 4465 Consultos
1138 4400 1289 4480 audiunt,

104 4516 208 4582 Maius
237 4519 338 4597 eruit,
376 4531 546 4608 antequam
582 4542 668 4584 erasa
697 4531 727 4584 et
760 4517 866 4583 abluta
898 4519 930 4582 in
961 4519 1125 4586 arctiorem
1157 4521 1291 4586 formam

105 4638 238 4704 dissecta
264 4651 293 4704 et
318 4640 463 4704 mutilata
484 4641 613 4708 suerint.
