2888 5144
163 315 201 374 12
239 356 243 367 ε
543 327 658 374 orcrao
682 327 724 373 nu
750 327 790 372 nu
815 325 967 372 roseros.

159 499 243 563 tione
268 511 444 564 ceterarum
472 499 629 563 linearum
660 496 789 585 vestigia
816 508 942 562 tantum
967 519 1094 563 cernere
1126 497 1212 563 licet.
1262 498 1344 564 llinc

160 618 280 684 factum
314 631 382 696 est,
408 631 444 683 ut
470 618 535 682 sere
567 639 674 682 omnes
705 616 756 681 isti
780 614 894 683 ductus
928 616 977 682 rel
1010 617 1264 706 probatissimum
1287 643 1345 709 pa·

158 738 311 828 limpscsti
353 738 505 804 lectorem
546 736 704 825 fugerint,
745 736 800 824 qui
839 735 985 802 ultimam
1028 737 1201 804 levissimae
1243 739 1345 806 lineo·

158 859 207 924 lae
235 872 358 948 partem
382 881 439 948 pro
466 868 586 947 puncto
611 856 744 945 accepit.
795 855 887 940 Quod
914 878 1014 945 quum
1040 856 1204 938 vidissem,
1231 881 1345 948 operae

158 982 295 1070 pretium
324 1003 390 1046 csse
413 979 508 1057 duxi,
540 977 578 1043 de
604 977 719 1066 quibus
742 976 854 1044 litteris
878 990 1035 1044 constaret
1057 978 1173 1046 lineola
1196 978 1346 1045 delendas

159 1103 315 1168 censuisse
327 1112 555 1177 correctorem,
568 1120 621 1165 eas
633 1120 741 1163 omues
754 1098 787 1163 in
799 1120 904 1164 meam
912 1096 1128 1164 ‚collationem
1141 1099 1275 1177 referre,
1290 1098 1346 1163 ad-

159 1221 407 1308 dito,d.(elendi)
429 1219 558 1286 indicio.
594 1216 645 1285 Ob
661 1240 789 1284 causam
814 1240 910 1307 quam
923 1216 1003 1297 dixi,
1029 1219 1144 1308 passim
1163 1220 1269 1310 plures
1292 1218 1346 1284 lit·

158 1355 241 1408 teras
275 1341 390 1407 lineola
422 1353 545 1406 notatas
579 1339 673 1409 fuisse
706 1361 800 1428 quam
834 1339 884 1404 vel
915 1361 933 1405 c
965 1340 1103 1428 vestigiis
1119 1348 1212 1405 'nunc
1236 1362 1347 1406 eruere

158 1463 252 1540 licet,
278 1473 408 1527 nonest
432 1460 518 1550 quod
538 1482 704 1539 moneam,
729 1460 792 1538 sio,
817 1471 853 1525 ut
875 1458 937 1525 hoo
960 1481 1061 1524 unum
1073 1460 1253 1549 exemplum
1271 1460 1347 1526 affe·

158 1605 249 1661 ram,
278 1583 294 1649 Ι
327 1584 344 1666 §
378 1586 420 1647 44
452 1579 598 1647 vocabuli
622 1580 685 1643 ille
707 1579 839 1646 ultimae
862 1579 990 1645 litterae.
1010 1580 1219 1669 suprascripta
1243 1591 1290 1645 est
1312 1583 1346 1658 i,

159 1724 240 1790 quac
264 1701 303 1767 de
326 1724 414 1766 more
438 1702 472 1767 in
494 1700 583 1766 istius
602 1698 713 1764 -locum
737 1697 902 1779 succedat,
927 1722 992 1765 non
1012 1722 1086 1766 vero
1106 1701 1132 1765 si
1150 1700 1200 1766 rel
1220 1699 1347 1765 nullum

158 1822 293 1900 lineolae
317 1832 481 1911 appareret
503 1815 678 1898 indicium,
711 1831 746 1884 ut
770 1831 905 1908 utraque
928 1818 1072 1908 legatur,
1098 1819 1179 1885 sicut
1204 1817 1350 1886 Osannus

158 1966 191 2032 p.
204 1947 268 2022 94,
292 1944 408 2009 iniuria
432 1944 597 2033 opinatur,
621 1940 683 2006 hoc
707 1940 818 2006 saltem
841 1940 912 2005 loco
935 1941 1107 2029 genuinam
1130 1941 1249 2008 scilieet
1272 1941 1349 2006 seri-

159 2063 255 2131 heudi
292 2063 428 2131 formam
460 2086 477 2127 a
509 2060 646 2129 secunda
681 2082 780 2125 manu
801 2071 965 2127 serratam
999 2060 1146 2128 ardenter
1173 2062 1346 2150 arripiens;

160 2198 192 2250 at
210 2187 354 2274 :priscam
370 2186 477 2252 ¹istam
509 2184 644 2248 formam
675 2193 834 2248 corrector
853 2181 959 2247 ,simul
990 2204 1063 2248 cum
1098 2183 1226 2248 librario
1258 2184 1349 2272 igno-

160 2305 270 2384 rabat3
309 2304 393 2395 quod
429 2327 470 2371 ne
502 2315 631 2394 propter
665 2324 778 2369 norem
816 2299 955 2380 Oscum,
991 2304 1044 2369 cui
1078 2327 1143 2370 non
1180 2304 1331 2370 assentiar
1339 2301 1353 2384 ·‚'

161 2425 418 2515 orthographiam
449 2426 560 2493 dixisse
583 2424 710 2503 ridear,
735 2423 836 2490 libens
859 2423 960 2492 fateor
982 2447 1034 2490 me
1056 2426 1089 2490 in
1103 2425 1256 2515 exemplo
1279 2449 1350 2492 meo

160 2548 310 2613 lineolam
335 2571 398 2636 qua
422 2559 582 2614 corrector
603 2544 771 2612 delendam
795 2558 960 2611 censuerat
982 2546 1121 2613 litteram
1146 2569 1184 2626 e,
1210 2546 1350 2636 adscrip-

162 2670 235 2743 sisse
257 2669 314 2743 diu
339 2680 509 2757 antequam
536 2665 656 2733 Osauni
679 2666 881 2754 inspexissem
905 2664 1086 2732 editionem.

209 2788 311 2868 Sunt,
346 2788 461 2876 quibus
492 2789 622 2852 istarum
646 2809 753 2868 rerum
777 2785 964 2874 significatio
988 2787 1086 2851 otiosa
1111 2799 1206 2875 atque
1230 2788 1352 2854 futilior

162 2932 246 2979 esse.
270 2908 433 2987 rideatur,
479 2930 560 2997 quae
596 2909 662 2975 sine
698 2905 874 2973 studiorum
908 2907 1127 2973 Tullianomm
1161 2907 1351 2976 detrimento

162 3030 280 3119 negligi
302 3029 434 3118 possint.
472 3028 579 3094 Facile
602 3027 715 3107 credo,
740 3049 848 3094 rerum
867 3049 1051 3116 persuasum
1071 3027 1150 3094 mihi
1169 3039 1215 3094 cst
1232 3029 1351 3118 absque

162 3151 293 3230 istssum
322 3150 434 3215 notitia
466 3148 619 3216 iudicium
646 3148 722 3214 ferri
744 3169 810 3214 non
833 3171 932 3237 posse.
946 3147 985 3213 de
1009 3147 1217 3215 emendatoris
1241 3162 1351 3216 aucto-

163 3271 274 3349 ritate,
299 3271 388 3336 cuius
413 3270 471 3359 qui
491 3268 666 3336 exstiterint
685 3268 913 3342 obtrectatores
931 3292 1002 3336 mea
1021 3267 1197 3336 Collatione
1220 3271 1351 3336 meliora
1391 3297 1393 3304 ·

162 3389 371 3467 docebuntur.
422 3389 610 3463 accuratius
641 3389 774 3455 correxit
805 3402 836 3457 et
859 3389 953 3480 longe
986 3391 1098 3479 plura,
1135 3415 1230 3480 quam
1257 3392 1351 3482 rulgo

163 3510 369 3591 credebatur,
394 3534 469 3576 nam
489 3510 608 3577 latebat
621 3510 758 3576 omnino
780 3508 918 3579 adhunc
938 3533 1038 3600 usque
1058 3510 1143 3578 diem
1163 3511 1238 3601 quid
1258 3535 1352 3602 prae-

164 3633 290 3713 stiterit3
318 3644 350 3698 et
374 3655 410 3698 ex
434 3644 519 3698 certa
543 3632 693 3722 analogia·
711 3633 805 3698 facile
830 3633 946 3698 conlici
967 3644 1070 3722 potest
1093 3655 1246 3722 quasnam
1265 3633 1352 3699 litte·

164 3777 232 3834 ras,
266 3750 381 3843 quibus
410 3753 485 3817 alias
508 3754 572 3818 iam
596 3754 825 3833 substituisset,
856 3752 1004 3820 delendas
1028 3776 1094 3819 esse
1118 3754 1295 3833 censuerit,
1319 3754 1352 3821 id

165 3887 231 3958 est,
262 3873 379 3940 lineola
402 3874 577 3953 notaverit,
611 3896 692 3962 quae
715 3875 809 3964 fugax
845 3886 963 3941 certam
988 3873 1028 3939 ob
1052 3896 1179 3940 causam
1203 3897 1220 3939 a
1244 3873 1352 3941 sedulo

165 3995 285 4066 editore
319 3993 408 4060 nullo
442 3993 569 4082 negotio
597 3993 793 4083 ,plerumque
828 3983 1026 4073 adiicietur,
1052 3995 1107 4085 qui
1142 3996 1186 4063 sic
1209 3995 1354 4086 perficiat

168 4114 252 4204 quod
277 4127 434 4182 corrector
458 4136 619 4204 aggressus
643 4125 710 4178 erat
733 4135 797 4179 non
821 4125 963 4192 tantum,
989 4126 1025 4181 ut
1047 4116 1141 4180 multi
1161 4115 1351 4196 credebant,

167 4234 219 4302 sed
244 4236 303 4301 rite
326 4234 365 4299 ad
390 4235 488 4301 tinem
509 4233 711 4324 perduxeram
740 4232 882 4312 accedit,
908 4234 992 4323 quod
1016 4234 1074 4299 sub
1093 4235 1167 4323 ipsis
1184 4233 1352 4325 Augustini

167 4356 278 4422 littoris
301 4355 420 4421 lateant
445 4353 549 4421 adhue
573 4355 808 4422 emendationes
830 4356 1015 4445 pauciores,
1044 4378 1118 4420 nam
1141 4367 1269 4446 propter
1292 4357 1352 4421 mi-

168 4499 276 4542 norem
317 4476 471 4543 seeundae
508 4501 620 4543 manus
656 4479 843 4567 scripturam
878 4500 942 4543 non
977 4476 1096 4565 ubique
1131 4501 1162 4542 se
1197 4476 1352 4566 produnt,
