2888 5144
592 312 692 358 suras
717 312 858 359 comcrs
1277 297 1319 358 29

126 482 259 572 quitatis
289 479 516 548 documentum
544 503 650 547 meam
681 481 830 547 convellit
860 481 1063 571 opinionem,
1086 481 1211 548 duravit
1234 484 1320 549 enim

125 601 165 667 ad
190 613 312 668 sextum
336 601 497 668 saeculnm
520 600 574 666 hic
598 624 692 680 usus,
713 602 777 666 imo
798 600 948 667 Silvestre
968 601 1145 690 lrnqmenta
1167 601 1319 682 11111111,

126 722 232 788 Vatic.
271 721 327 788 N⁰.
365 727 471 802 5750,
503 722 569 787 tub.
606 725 690 801 153,
724 721 875 811 bipartito
899 722 1015 811 scripta
1038 722 1171 811 septimo
1195 723 1318 791 tribuit.

127 843 197 911 Nec
227 854 332 908 cetera
362 842 507 922 obstant,
540 842 639 908 lineas
670 840 742 907 dico
773 865 830 932 per
852 841 1006 907 latercula
1029 853 1155 907 tontum
1177 865 1242 908 non
1264 867 1322 934 per

127 975 229 1028 totam
263 963 411 1052 paginam
447 961 577 1042 ductas,
614 962 750 1034 initiales
786 986 804 1026 a
834 961 920 1027 linea
950 962 1099 1052 scriptas,
1133 964 1322 1053 scripturum

129 1085 334 1163 continuam,
366 1083 444 1172 sigla
474 1083 658 1172 litterasque
690 1095 886 1162 contractas,
915 1083 1160 1171 quaternionum
1185 1084 1322 1152 notatioe

131 1227 226 1278 nem,
251 1203 419 1270 titulorum
442 1204 562 1270 litteras
586 1204 767 1271 alternatim
790 1204 894 1293 nigras
907 1203 1096 1292 rubrnsque3
1124 1205 1322 1273 haecomnia

128 1324 264 1415 probam
295 1325 518 1413 antiquitatem
546 1337 701 1414 arguunt,
735 1335 768 1389 et
790 1325 960 1414 septimum
984 1325 1146 1391 saeculum
1170 1338 1324 1416 respuunt

130 1445 265 1535 partim,
298 1467 409 1511 verum
442 1445 498 1511 ubi
529 1445 591 1510 clia
614 1445 678 1509 iam
702 1456 856 1534 apparent
878 1456 1085 1533 argumenta,
1110 1444 1160 1510 rix
1181 1445 1325 1511 indicant

131 1577 282 1655 quartum
305 1564 467 1631 saeculum
490 1588 566 1654 prne
592 1564 723 1653 quinto,
749 1577 843 1653 prout
866 1588 925 1653 eqo
950 1566 1056 1631 sciam.

175 1686 274 1751 Miror
302 1685 417 1752 horum
444 1685 619 1765 librorum,
645 1684 684 1751 de
710 1708 847 1774 quorum
871 1699 974 1753 aetate
998 1698 1138 1766 constat,
1162 1698 1228 1752 tam
1250 1708 1325 1776 par·

131 1829 202 1871 ram
234 1806 381 1873 habuisse
405 1807 561 1872 rationem
585 1800 787 1885 Silvestrem,
813 1806 869 1894 qui
892 1805 1000 1873 sedulo
1022 1820 1126 1874 cetera
1150 1830 1206 1873 sua
1229 1806 1324 1872 huius

132 1927 344 1994 semiuncialis
368 1928 541 2018 scripturae
565 1926 709 2017 exempla
739 1925 779 1992 ad
808 1927 978 2017 septimum
1009 1928 1107 1995 refert
1137 1927 1322 2008 saeculum,

132 2061 219 2115 recte
242 2049 387 2115 universe
411 2048 465 2115 sed
491 2049 525 2113 in
550 2046 740 2136 quibusdam
764 2048 942 2114 accuratius
966 2047 1070 2114 adhuc
1093 2049 1141 2115 illi
1164 2061 1232 2116 erat
1253 2070 1325 2114 rer-

136 2170 282 2237 sandum.
333 2168 493 2258 Quidquid
517 2183 583 2250 est,
612 2168 701 2234 lubet
724 2192 811 2235 nunc
834 2170 868 2235 in
891 2170 1001 2259 paucis
1024 2169 1238 2237 demonstrare
1260 2193 1326 2235 non

135 2291 293 2357 adversari
323 2314 419 2380 quam
444 2290 605 2381 plerisque
628 2290 775 2357 tribuerit
799 2302 935 2356 aetatem
958 2291 1034 2357 huic
1056 2315 1146 2357 meae
1170 2291 1324 2383 opinioni.

135 2413 216 2480 Nam
241 2435 316 2478 cum
338 2426 445 2478 nostro
469 2413 650 2502 conspirant
673 2412 813 2491 multae,
836 2411 905 2478 ride
921 2432 960 2491 1,
983 2436 1023 2500 q,
1049 2433 1088 2492 1,
1113 2413 1146 2479 in
1159 2413 1326 2479 Lactantio

135 2533 327 2600 Bononiensi
358 2532 434 2600 Silr.
467 2533 533 2599 tab.
565 2536 629 2611 81,
667 2532 724 2621 qui
757 2532 883 2598 saeculo
918 2543 1003 2597 serto
1026 2532 1104 2598 item
1128 2556 1146 2597 a
1169 2533 1325 2600 Mabillon

137 2657 322 2746 assignatur.
372 2653 424 2722 Sic
460 2654 568 2720 Livius
603 2651 783 2719 Vindobon.
832 2653 891 2719 N⁰.
930 2655 991 2730 15,
1028 2649 1104 2720 Silr.
1134 2652 1200 2719 tub.
1237 2657 1325 2734 136,

136 2775 260 2842 saeculo
293 2788 379 2840 sexto
402 2787 535 2841 exeunte
559 2775 693 2865 scriptus
717 2796 783 2841 esse
807 2773 931 2841 ridetur
952 2773 1020 2853 illi,
1048 2785 1143 2863 atque
1166 2776 1326 2865 conspirat

137 2897 168 2962 in
203 2896 364 2986 plerisque
405 2918 478 2962 curn
509 2909 614 2961 nostro
646 2896 769 2962 etiamsi
799 2897 922 2961 minore
952 2895 1054 2960 formu
1086 2895 1239 2985 scriptus,
1271 2896 1327 2963 sed

138 3040 173 3096 a,
206 3035 247 3095 1.,
279 3041 299 3081 r
332 3017 428 3106 paulo
452 3017 642 3083 recentiores
666 3029 753 3097 sunt;
781 3015 886 3082 Codex
911 3015 1145 3083 Theodosiacus
1168 3016 1267 3083 Puris.
1292 3018 1326 3083 in

136 3136 214 3204 bibl.
245 3161 312 3226 rog.
348 3134 489 3202 silvestri
520 3149 567 3203 est
597 3138 684 3211 sexti
704 3137 839 3217 saeculi,
864 3160 974 3203 rerum
999 3137 1152 3202 Maurinis
1176 3139 1328 3205 assentior

138 3281 270 3348 sequens
294 3257 458 3322 saeculum
478 3256 553 3323 huic
572 3259 786 3348 manuscripto
803 3256 1036 3335 tribuentibus,
1056 3271 1202 3348 propter:
1225 3280 1244 3323 a
1263 3259 1327 3324 inm

138 3379 170 3444 in
193 3379 278 3444 hanc
302 3378 437 3444 formam
460 3391 491 3444 et
515 3379 548 3442 in
572 3379 723 3444 novitiam
747 3378 847 3444 illam:
875 3403 898 3442 a
920 3379 1130 3467 migrantem,
1154 3391 1186 3444 et
1197 3378 1328 3447 fortasse

138 3512 265 3590 propter
299 3497 467 3564 discrimen
502 3499 586 3564 inter
617 3497 758 3564 vocalem
789 3521 817 3576 u,
840 3511 872 3563 et
893 3511 1120 3564 consonantem
1142 3523 1180 3579 v,
1205 3513 1325 3582 cetera,

139 3619 294 3709 quidquid
317 3633 365 3687 est
387 3620 501 3684 nostris
525 3631 599 3684 sunt
623 3619 812 3685 recentiores
835 3639 875 3699 n,
901 3639 939 3698 c,
962 3641 999 3700 r,
1025 3640 1065 3700 1,
1091 3639 1131 3699 t,
1154 3640 1195 3699 x,
1209 3639 1241 3687 1.
1289 3622 1329 3687 In

139 3738 306 3806 Pandectis
341 3740 481 3820 Pisanis,
520 3740 594 3828 (nisi
629 3739 786 3807 Mediceas
816 3740 928 3820 malis,
959 3765 1035 3807 nam
1057 3741 1091 3806 iu
1115 3741 1328 3810 Laurentiana

138 3859 332 3927 bibliotheca
362 3885 413 3927 eas
436 3860 514 3926 meis
546 3860 645 3926 oculis
670 3861 819 3940 lustrari,
844 3885 954 3929 rerum
977 3886 1042 3929 non
1066 3862 1106 3929 ad
1129 3862 1267 3943 funalia,
1292 3876 1329 3929 ut

118 3982 270 4070 antea),
291 3983 410 4050 saeculi
433 3983 559 4072 septimi
581 3995 667 4048 certo
687 3982 804 4049 indicio
822 3996 888 4050 est:
912 4007 930 4046 a
941 4033 951 4064 ,
973 3985 991 4047 b
1012 3985 1207 4050 coniunctim
1225 3984 1246 4049 b
1265 3996 1329 4050 1111

139 4114 284 4183 exarata,
316 4123 355 4183 1,
387 4123 427 4183 1,
461 4123 500 4183 Ρ,
534 4128 575 4192 q,
609 4124 631 4169 u
661 4105 785 4194 longius
808 4105 931 4169 inferne
954 4116 1126 4184 extractam
1153 4104 1223 4171 ride
1248 4103 1326 4173 Silv.

139 4224 203 4289 tab.
234 4229 287 4290 18.
339 4223 487 4290 Attamen
511 4246 575 4289 non
599 4237 689 4290 vacat
712 4225 745 4290 in
770 4225 900 4314 singulis
924 4223 1108 4303 subsistere,
1133 4247 1193 4292 nec
1217 4248 1330 4316 urgere

140 4346 225 4411 tituli
250 4345 438 4435 scripturam
461 4345 612 4410 rusticam
632 4345 671 4410 ad
692 4346 829 4434 speciem
847 4344 1058 4433 antiquiorem
1074 4345 1109 4410 in
1129 4344 1163 4412 S.
1186 4346 1330 4436 Prosperi
1369 4349 1375 4363 “

143 4466 337 4557 llpigrnmm.
372 4466 471 4532 Paris.
506 4465 618 4556 Suppl.
652 4466 724 4534 Lat.
757 4466 815 4532 N⁰.
849 4470 932 4545 669,
958 4464 1036 4532 Silr.
1061 4465 1128 4532 tab.
1154 4469 1215 4546 51,
1241 4467 1331 4532 cuius

145 4600 306 4655 contortus
338 4588 549 4654 semiuncialis
582 4600 666 4654 recte
698 4589 866 4677 septimum
899 4588 1059 4656 saeculum
1092 4587 1151 4654 sibi
1174 4587 1327 4667 vindicam
