2888 5144
178 315 240 376 152
606 327 635 372 c.
662 326 773 376 ruerus
797 328 929 376 vroron.

171 510 299 588 propter
330 520 426 585 quam
459 498 646 564 devotarum
678 512 710 565 11
733 524 766 564 11
789 501 855 589 ipse
878 522 941 564 non
965 499 1061 565 fuerit
1080 520 1207 588 passus:
1235 512 1308 579 aut,
1329 502 1363 567 *si

170 631 294 708 praeter
329 619 389 683 alia
424 641 537 685 causae
571 619 800 698 instrumenta,
837 619 964 686 adiiciet
997 643 1034 685 er
1066 619 1244 688 abundanti
1276 621 1362 688 haue

169 761 298 827 quoque
325 739 534 804 conscientiae
561 762 635 805 suae
667 739 855 805 fiduciam.»
894 740 971 825 Quis
993 762 1057 805 non
1082 739 1166 806 videt
1190 763 1266 807 cum
1289 765 1362 809 cor-

168 872 290 926 rectore
314 860 549 926 rescribendum
574 862 719 926 luturum
735 858 933 951 patietur?

215 979 444 1070 Compendiosa
486 982 638 1070 scriptura
673 1004 915 1070 nonnumquam
951 980 1132 1070 ambiguam
1167 983 1361 1048 sententiam

166 1102 305 1190 peperit,
342 1103 386 1168 sie
404 1115 562 1175 ,nostrum
598 1114 644 1168 est
675 1101 836 1180 iudicare,
872 1124 913 1165 an
936 1101 1038 1166 Maius
1062 1113 1147 1167 recte
1171 1100 1361 1189 explicuerit

166 1220 298 1285 verbum
330 1199 468 1284 oioibns
499 1219 576 1284 ibid.
604 1221 621 1302 §
649 1223 689 1298 8,
713 1242 787 1308 pag.
815 1222 882 1284 229
907 1242 936 1284 r.
966 1222 1026 1284 11:
1054 1218 1360 1308 «quemadmodum

164 1341 199 1405 in
229 1340 375 1428 syllabis,
409 1363 490 1429 quae
520 1339 725 1406 scribentium
754 1340 976 1429 cogitationem
1004 1362 1069 1405 nou
1092 1341 1241 1430 erigunt,
1267 1342 1295 1405 si
1318 1342 1359 1407 sit

164 1484 238 1526 usus
269 1474 300 1528 et
330 1461 544 1538 consuetudo,
574 1462 618 1525 sic
650 1461 683 1525 in
714 1460 913 1524 oratoribus
945 1472 1055 1549 sponte
1079 1460 1236 1548 quaedam
1261 1483 1358 1551 argu·

157 1595 344 1649 ,mentorum
371 1580 504 1647 facultas
535 1580 661 1647 dicendi
690 1581 739 1646 vel
768 1579 926 1645 scribendi
957 1581 1184 1647 consuetudine
1213 1582 1299 1647 ultro
1323 1606 1357 1649 se

161 1704 344 1770 necessariis
363 1703 440 1767 loeis
465 1702 613 1767 offerat.»
641 1701 709 1765 lam
722 1701 746 1764 si
764 1701 964 1764 oratoribus
977 1700 1119 1789 legatur,
1141 1700 1281 1768 offendet
1294 1707 1355 1783 in,

160 1826 309 1915 equidem
341 1825 411 1915 lego
435 1822 664 1887 orationibus.
714 1822 843 1885 Prorsus
867 1820 980 1887 eodem
1002 1821 1098 1886 modo
1116 1822 1179 1888 h'oe
1199 1845 1356 1914 compen·

160 1946 247 2011 dium
283 1944 404 2034 explico
437 1942 515 2032 Cap.
553 1942 680 2019 XXVI,
704 1964 777 2030 pag.
804 1944 869 2006 265
893 1964 924 2007 a.
951 1946 1014 2020 23,
1040 1941 1096 2006 ubi
1127 1941 1255 2010 editur:
1283 1966 1356 2009 «ex

161 2066 362 2131 oratoribus
393 2063 499 2129 aliisve
528 2064 650 2152 seriptis
675 2063 867 2140 sententiae,
893 2063 918 2126 si
943 2061 1013 2128 loco
1035 2063 1256 2152 proferuntur,
1285 2087 1355 2130 ser·

159 2211 287 2254 monem
320 2197 587 2251 convenustant.»
1346 2254 1350 2259 Ι

188 2306 422 2397 .Erpungenda
452 2318 498 2373 est
530 2305 712 2371 coniunctio
735 2302 812 2392 Gap.
833 2303 899 2383 IX,
927 2327 998 2392 pag.
1023 2308 1087 2370 232
1111 2329 1154 2370 vs.
1184 2308 1245 2384 16,
1268 2328 1353 2394 quae

158 2428 242 2495 male
265 2428 409 2517 irrepsit:
459 2428 560 2493 «Hoc
580 2428 605 2491 si
628 2426 709 2491 nolis
732 2426 848 2491 inferre
872 2438 904 2491 et
926 2426 1041 2491 inferas
1060 2426 1112 2504 id,
1134 2426 1219 2516 quod
1240 2408 1353 2518 sequi·

159 2562 229 2614 tur:
257 2550 331 2616 lecit
354 2549 451 2637 igitur
474 2550 648 2623 incestum,
674 2547 736 2634 [et]
765 2546 955 2612 concluseris
980 2549 1328 2635 argumentationem.»

205 2671 286 2736 'lum
317 2672 349 2735 iu
381 2670 437 2748 iis,
464 2692 544 2757 quae
568 2669 673 2733 statim
698 2679 875 2756 sequuntur
897 2666 1122 2756 compendium
1140 2669 1226 2734 male
1248 2670 1349 2736 intel-

157 2793 276 2859 lectum
315 2789 443 2854 verbum
478 2790 551 2855 fecit
576 2813 592 2854 e
617 2788 830 2866 substantivo,
855 2812 883 2853 r.
914 2791 971 2853 18:
1022 2788 1159 2873 «Quare
1182 2789 1216 2854 in
1244 2789 1351 2880 longis

159 2910 483 3003 argumentationibus
513 2932 550 2974 er
581 2908 791 2974 conductione
826 2921 880 2974 aut
915 2931 951 2973 er
986 2910 1143 2973 contrario
1175 2912 1350 3000 complecti

158 3044 294 3124 oportet;
327 3031 360 3094 in
390 3029 537 3095 brevibus
568 3027 600 3093 id
631 3028 752 3107 solum,
786 3028 872 3117 quod
902 3029 1071 3094 conficitur
1094 3052 1286 3120 exponere,·
1309 3033 1349 3099 in

158 3155 226 3232 his,
262 3154 295 3216 in
330 3149 444 3238 quibus
479 3150 577 3214 oritus
611 3149 795 3239 perspicuus
822 3162 884 3230 est,
917 3150 1138 3216 consecutione
1161 3152 1247 3217 uti.»
1272 3152 1349 3219 Non

908 3242 916 3279 i

158 3309 256 3363 exstat
280 3296 312 3360 in
337 3293 461 3359 codiee:
500 3273 648 3382 expone,
674 3316 783 3358 rerum
808 3317 960 3384 expone,
984 3292 1018 3358 id
1042 3304 1088 3358 est
1113 3298 1345 3384 conpositione.

204 3404 272 3468 Hae
301 3400 411 3467 eadem
437 3401 552 3489 pagina
585 3424 611 3466 v.
643 3404 686 3466 25
711 3401 934 3491 compendium
957 3403 1005 3467 bis
1025 3403 1206 3491 neglectum
1230 3400 1347 3468 ablati-

159 3549 232 3591 vum
263 3548 320 3614 pro
353 3523 530 3589 accusativo
560 3523 682 3612 peperit
714 3521 792 3613 Cap.
826 3523 873 3602 X,
901 3524 935 3588 in
959 3523 1203 3612 enthymematis
1227 3522 1347 3589 defini·

158 3649 263 3726 tione,
286 3669 348 3736 qua
371 3644 452 3709 «rel
473 3644 608 3733 primam
631 3644 876 3734 propositionem
899 3645 1070 3735 praeterire
1093 3643 1221 3722 licebit,
1246 3667 1347 3733 prop·

159 3782 244 3835 terea
268 3765 353 3856 quod
376 3767 442 3854 ipsa
466 3777 590 3830 tantum
613 3766 868 3854 praesumptione
890 3766 1002 3831 iudicis
1025 3765 1076 3830 rel
1095 3764 1246 3829 auditoris
1265 3786 1346 3830 con-

158 3901 246 3956 tenta
277 3911 342 3953 1111
372 3886 507 3975 poterit,
536 3897 568 3949 et
592 3886 669 3949 sola
691 3890 964 3951 ratiocinatione
987 3886 1130 3974 exsequi,
1156 3897 1188 3950 et
1211 3885 1347 3951 conclu-

157 4011 278 4074 sionem
305 4005 513 4095 superaddere
539 4005 588 4071 vel
608 4019 692 4072 certe
716 4007 950 4074 conclusionem
972 4007 1192 4097 praemittere,
1216 4018 1248 4071 et
1271 4028 1346 4072 sen-

159 4131 244 4194 sibus
267 4128 379 4194 iudiois
403 4127 451 4206 id,
478 4126 562 4216 quod
586 4129 789 4195 ratiocinatus
804 4142 869 4207 est,
891 4127 1104 4217 colligendum
1127 4126 1345 4216 relinquere.»

160 4249 320 4314 Librarius
340 4247 426 4312 dedit
439 4228 514 4312 solit
537 4224 774 4327 institutioni,
798 4246 830 4311 id
843 4259 888 4312 est
901 4249 1010 4312 solam
1022 4249 1343 4312 ratiocinationem.

206 4368 436 4458 Compendium
466 4370 599 4461 copulae
627 4379 661 4435 et
686 4393 743 4459 pro
767 4370 922 4457 iacoepit
945 4368 1046 4434 editor
1064 4392 1096 4457 p.
1121 4366 1190 4433 ead.
1216 4391 1246 4433 r.
1273 4372 1342 4433 33:

159 4489 332 4557 «offendit
367 4511 459 4577 porro
496 4493 620 4556 iisdem
655 4490 835 4556 nominibus
871 4488 988 4554 utendo
1023 4490 1144 4578 saepius
1175 4502 1206 4554 et
1231 4487 1344 4554 eadem

159 4612 345 4678 collectione
370 4610 571 4679 referendo.»
619 4613 748 4701 Legitur
771 4613 802 4677 in
827 4610 934 4677 codiee
959 4620 992 4675 11
1016 4611 1137 4677 isdem.
