2888 5144
124 305 166 367 40
497 314 615 362 crrrno
641 314 684 361 nn
708 313 749 360 nr
774 313 928 363 eunucu.

125 487 204 552 sitne
247 486 367 575 primae
407 507 521 551 manue
564 485 718 573 scripturo
747 485 880 574 plebiet
913 505 971 572 pro
1005 481 1107 550 deleta
1142 485 1256 550 ultima
1290 505 1308 549 e

123 604 290 673 emendata
312 607 346 671 in
362 605 564 694 plebietam.
998 569 1007 585 l

172 846 256 912 XLI.
283 848 300 930 §
327 849 382 910 64.
422 842 522 910 Sicut
545 846 601 907 ait
620 842 774 912 Ennius.
811 841 917 907 Prima
940 840 1311 910 monusdeditoEnni·

126 990 190 1046 aa,
227 989 323 1056 quam
362 967 499 1032 litteram
529 987 547 1029 a
578 975 755 1030 correctore
787 976 977 1052 expunctum
1011 965 1044 1028 in
1069 983 1089 1043 ρ
1112 965 1312 1032 emendatam

126 1087 242 1153 retinet
277 1087 389 1153 Maius.
446 1085 551 1152 Minus
586 1095 691 1162 recte,
723 1105 798 1149 nam
821 1106 894 1156 *non
932 1096 979 1149 est
1010 1106 1067 1150 cur
1099 1085 1221 1151 Ennius
1251 1085 1312 1152 hoc

128 1209 223 1275 unico
257 1207 327 1274 loco
350 1207 555 1298 praenomine
579 1203 734 1294 gaudeat,
770 1202 855 1293 quod
875 1204 985 1270 abesse
1009 1204 1088 1271 solet
1112 1205 1196 1295 apud
1221 1205 1312 1274 Cice-

128 1350 250 1394 ronem.
301 1327 391 1414 Quod
426 1329 453 1393 si
487 1350 552 1393 non
583 1337 681 1405 esset,
717 1347 753 1390 ex
788 1323 893 1391 littera
928 1343 950 1391 o
982 1347 1056 1390 cum
1086 1346 1106 1405 o
1134 1339 1313 1417 permutata

128 1449 276 1539 equidem
298 1447 483 1515 deduxerim
507 1446 625 1512 librum
650 1444 841 1511 Vaticanum
865 1468 932 1511 esse
955 1443 1148 1536 descriptum
1169 1471 1207 1514 ex
1230 1448 1314 1514 anti·

128 1569 239 1657 quiore
270 1567 381 1634 codice
410 1567 523 1633 litteris
552 1563 736 1632 maiusculis
766 1566 823 1655 qui
850 1578 993 1633 exaratus
1023 1579 1104 1648 eret3
1131 1588 1218 1633 nunc
1241 1590 1313 1635 vero

127 1687 249 1754 librarii
270 1687 482 1778 negligentiae
505 1685 551 1751 nil
574 1698 781 1775 superstruas.

176 1929 259 1994 Ibid.
299 1928 442 2016 Qualem
467 1937 500 1992 tc
516 1930 668 2019 patriae
691 1925 863 1991 custodem
888 1927 940 1993 m
960 1937 1167 2017 genuerunt.
1210 1928 1314 1996 codex

130 2049 229 2116 habet
260 2049 336 2128 dii,
376 2049 462 2139 prior
495 2051 511 2113 i
545 2047 629 2114 Maio
663 2059 820 2137 expuncta
852 2070 917 2114 esse
954 2048 1132 2129 ridebatur3
1167 2048 1317 2139 equidem

132 2170 258 2239 nullum
301 2168 428 2244 delendi
470 2167 624 2235 indicium
666 2191 795 2234 cernere
829 2168 933 2256 potui;
969 2171 1147 2259 promiscue
1181 2183 1316 2261 utraque

133 2291 235 2377 forma
258 2291 396 2357 occurrit
418 2291 451 2356 in
475 2289 557 2355 lihro
581 2302 708 2368 nostro,
733 2288 800 2354 Dii
824 2287 896 2356 Lib.
921 2288 965 2355 11.
993 2291 1011 2374 §
1038 2294 1101 2369 18,
1124 2290 1175 2356 Di
1197 2290 1269 2356 Lib.
1288 2291 1317 2357 l.

133 2413 153 2496 r§
179 2415 239 2490 19,
263 2410 309 2480 ΙΙ.
334 2413 353 2496 §
380 2415 443 2489 29,
467 2423 499 2476 et
523 2411 567 2477 sic
590 2411 624 2476 in
648 2410 770 2476 ceteris.

180 2652 264 2720 lbid.
311 2651 440 2719 Heres.
481 2653 583 2719 Codex
615 2675 714 2731 eroe,·
748 2653 850 2718 Maius
882 2651 1007 2717 dubitat
1036 2652 1173 2719 fueritne
1207 2674 1317 2744 snpra-

131 2776 249 2865 scripta
279 2775 319 2852 h,
351 2796 411 2840 nec
442 2796 500 2862 ego
530 2796 601 2840 eam
630 2773 718 2852 ridi,
747 2796 806 2839 nec
834 2772 1019 2838 crediderim
1044 2796 1113 2840 eam
1137 2774 1235 2840 latere
1259 2775 1317 2841 sub

136 2895 305 2984 Augustini
330 2875 508 2983 corpore.-

181 3134 300 3201 XLIII.
334 3137 366 3219 §·
382 3139 438 3204 66.
486 3135 660 3215 Potaera;
694 3159 784 3200 nam.
833 3134 938 3200 Prima
971 3158 1083 3201 manns
1107 3135 1235 3202 dederat
1251 3162 1318 3228 pa-

132 3263 297 3334 tuerunt,
328 3267 397 3320 tum
426 3256 537 3321 ultima
569 3280 591 3321 u
622 3258 656 3322 in
688 3279 706 3320 a
732 3268 893 3335 correcta,
917 3268 949 3322 et
972 3266 1012 3321 nt
1033 3261 1317 3347 monogrammati,

135 3376 220 3466 quod
253 3375 370 3445 lineola
409 3374 586 3456 deleretur,
623 3388 752 3467 apparet
784 3400 803 3441 o
833 3378 1095 3467 suprascriptum
1129 3378 1320 3446 vocabulum

134 3520 215 3562 eam
247 3495 395 3586 equidem
425 3519 489 3561 non
513 3495 594 3577 vidi,
619 3497 672 3563 sed
695 3497 784 3563 locus
807 3509 854 3563 est
876 3497 962 3563 lectu
984 3497 1156 3580 difficilior3
1182 3501 1320 3589 pertinet

135 3618 231 3709 igitur
260 3615 299 3683 ad
331 3617 474 3706 exempla
497 3616 631 3707 duplicis
655 3617 875 3696 correctionis,
895 3619 956 3683 nisi
975 3618 1077 3685 Maius
1097 3642 1160 3708 quo
1177 3632 1320 3711 ternpore

134 3741 289 3829 scriptura
331 3761 396 3803 non
431 3737 509 3803 adeo
544 3737 707 3805 obfuscata
741 3751 838 3817 esset,
875 3752 960 3806 recte
995 3739 1127 3829 legerit,
1163 3739 1319 3830 siquidem

135 3860 248 3950 copula
272 3883 353 3925 nam
377 3857 581 3924 desideratur.

182 4103 200 4186 §
225 4105 281 4168 67.
322 4101 437 4167 Plena
462 4100 642 4166 libertatis
662 4106 894 4181 macomeria,
918 4109 959 4166 ut
984 4110 1019 4166 et
1029 4105 1182 4192 privata
1200 4100 1321 4168 damae

136 4225 247 4289 amaia
278 4231 377 4287 vacet
400 4221 646 4288 dominatione.
696 4221 750 4289 Sic
774 4234 859 4288 recte
882 4221 980 4289 habet
1003 4222 1117 4302 codex,
1141 4245 1216 4289 nam
1239 4222 1321 4288 falli·

135 4357 188 4410 tur
212 4342 313 4409 Maius
335 4340 469 4430 legendo
493 4353 556 4408 aut
578 4366 636 4435 pro
664 4353 723 4423 at,
756 4343 861 4410 littera
884 4368 907 4409 a
931 4342 1027 4410 semel
1050 4355 1198 4433 apparet,
1224 4356 1257 4409 et
1281 4343 1321 4408 ad

136 4461 325 4554 praecedens
368 4463 505 4552 pertinet
544 4465 753 4544 vocabulum,
790 4489 848 4532 nec
884 4465 1013 4531 abstulit
1046 4487 1115 4531 eam
1152 4463 1321 4551 Augustini

136 4586 324 4666 molestum*
