2888 5144
149 309 168 368 4
524 317 642 365 cronno
667 319 710 364 on
736 318 777 364 aa
802 319 956 366 enarres.

147 491 279 555 servavit
300 489 475 577 Excerpta,
496 489 624 553 iamiam
637 489 669 552 in
681 486 832 554 carbones
849 489 935 569 abit;
960 502 1014 554 aut
1032 489 1072 554 ob
1093 511 1218 556 causam
1240 513 1336 580 quam

149 609 214 675 dixi
241 608 351 676 charta
372 631 445 674 cum
466 610 611 675 universa
635 610 790 698 scriptura
819 587 981 676 obfuscata
1004 623 1070 690 est,
1103 610 1188 700 quod
1212 625 1336 701 praeter

146 731 308 821 exempla,
335 753 416 819 quae
439 730 506 820 ipse
530 730 613 808 vidi,
642 729 790 796 accidisse
808 732 871 796 scio
893 732 926 796 in
948 731 1057 797 Granii
1075 732 1232 798 Liciniani
1250 733 1336 821 frag-

145 852 280 929 mentis,
313 864 345 917 et
375 850 483 916 locum
510 850 656 916 habuisse
690 848 802 914 dicunt
833 850 866 916 in
900 862 1035 938 quatuor
1058 852 1123 916 istis
1152 853 1335 942 fragmentis

147 972 300 1038 Tullianis
324 971 442 1038 scilicet
465 970 505 1036 de
530 972 628 1050 Fato,
659 993 740 1060 quae
774 964 1021 1037 averruncum
1045 972 1104 1037 sibi
1126 973 1209 1038 visus
1233 974 1335 1039 estin

145 1092 251 1158 lucem
275 1114 444 1158 revocasse.
496 1091 587 1178 Quod
619 1114 660 1157 ne
683 1092 760 1156 item
784 1091 883 1159 unico
912 1090 1065 1157 Vaticano
1093 1090 1202 1183 Codici
1225 1092 1266 1159 de
1289 1094 1335 1160 Re

147 1212 279 1278 Publica
315 1212 491 1291 accideret,
524 1224 696 1302 antequam
738 1211 852 1300 aliquis
891 1235 965 1278 usus
999 1212 1182 1278 melioribus
1223 1216 1335 1280 nostris

146 1333 342 1424 temporibus
374 1333 493 1399 librum
529 1333 706 1399 accuratius
742 1333 944 1413 contulisset,
979 1356 1038 1422 pro
1072 1334 1191 1409 viribus
1225 1357 1334 1403 cavere

146 1454 251 1533 volui,
277 1467 308 1520 et
331 1454 375 1519 sic
399 1453 631 1521 Bibliothecam
656 1453 844 1520 Vaticanum
868 1477 968 1543 quum
991 1453 1247 1542 frequentarem,
1280 1478 1335 1521 co·

147 1573 269 1641 dicibus
287 1575 469 1654 nonnullis,
492 1597 555 1663 qua
577 1588 654 1640 tunc
675 1573 852 1663 gaudebam
871 1575 986 1664 insigni
1005 1575 1213 1656 liberalitate,
1239 1600 1336 1666 quam

148 1697 323 1786 gratissimo
348 1697 453 1761 animo
476 1695 619 1784 profiteri
642 1718 706 1761 non
726 1695 854 1775 desino,
879 1696 1070 1786 pervolutis,
1096 1697 1136 1761 ad
1159 1697 1236 1763 Maii
1261 1695 1334 1763 Col·

147 1817 298 1883 lectiones
323 1818 465 1882 animum
485 1816 614 1906 appuli,
639 1818 835 1906 arrogantiae
860 1818 1133 1884 criminosortasse
1157 1817 1334 1897 notandus,

149 1937 234 2028 quod
266 1937 518 2005 adolescentulus
549 1939 753 2003 novissimum
782 1936 932 2026 quodque
962 1939 1115 2028 attingere
1146 1939 1334 2019 maluerim,

148 2057 350 2124 classicorum
384 2061 546 2149 ingentem
581 2059 801 2125 collectionem
834 2070 1005 2147 antequam
1040 2082 1105 2124 non
1140 2060 1243 2125 solum
1277 2084 1334 2149 pro

148 2180 278 2247 dimidia
308 2193 398 2270 parte
424 2179 588 2270 legissem,
622 2179 675 2247 sed
699 2203 739 2246 ne
762 2163 984 2247 intellexissem
1009 2180 1149 2270 quidem.
1200 2179 1261 2247 Sed
1291 2183 1335 2247 sic

148 2302 283 2368 solemus
307 2301 403 2367 alacri
426 2302 526 2391 magis
547 2300 650 2367 studio
670 2323 766 2390 quam
789 2300 871 2365 iusta
886 2300 1057 2389 prudentia
1081 2299 1188 2378 ducti,
1215 2322 1278 2388 qua
1301 2302 1334 2367 in

148 2447 182 2489 rc
209 2424 235 2488 si
265 2445 429 2500 erravero,
463 2420 583 2487 iuvabit
606 2445 658 2487 me
681 2444 746 2486 non
769 2421 870 2485 solum
894 2419 1050 2487 laborasse
1073 2419 1134 2486 hoc
1158 2421 1253 2499 vitio,
1286 2422 1333 2486 sin

148 2556 277 2622 contra,
303 2545 441 2610 virorum
461 2542 628 2608 doctorum
648 2540 750 2607 studia
772 2541 917 2606 Tulliana
937 2565 973 2607 ex
993 2540 1054 2607 hoc
1073 2564 1144 2607 meo
1165 2539 1334 2630 qualicun-

149 2689 211 2755 que
236 2665 344 2731 labore
368 2663 595 2730 detrimentum
619 2662 730 2728 saltem
754 2662 879 2727 nullum
904 2663 1040 2751 capient.

193 2787 294 2875 Igitur
317 2784 437 2875 publici
461 2783 536 2848 iuris
563 2783 705 2847 facturus
737 2805 818 2870 quae
849 2805 930 2847 nova
962 2796 1016 2848 aut
1045 2781 1259 2850 emendatiora
1283 2785 1333 2849 in·

147 2905 254 2971 venire
284 2905 375 2969 licuit
406 2903 438 2967 in
470 2900 639 2969 (lodicibus
668 2900 849 2981 Vaticanis,
880 2926 897 2969 e
929 2902 1043 2993 quibus
1075 2903 1177 2969 Maius
1204 2905 1333 2971 classica

146 3049 242 3116 opera
277 3025 392 3091 Latina
417 3024 537 3113 primus
567 3023 739 3112 protraxit,
771 3022 860 3091 lubet
884 3023 1010 3089 initium
1042 3024 1146 3091 lacere
1181 3047 1198 3088 a
1230 3025 1333 3091 Libris

147 3146 186 3212 de
218 3145 265 3212 lle
297 3144 449 3224 Publica,
486 3167 550 3210 non
580 3156 687 3209 tamen
715 3144 799 3233 quod
831 3145 879 3211 lris
910 3147 944 3211 in
984 3147 1093 3236 primis
1129 3145 1231 3212 studia
1262 3169 1333 3214 mea

146 3279 236 3333 tanto
259 3266 455 3356 profuerint,
488 3288 563 3330 nam
588 3276 691 3331 cetera
715 3288 797 3355 quae
820 3266 919 3333 llaius
942 3265 1060 3347 edidit,
1085 3269 1204 3333 maiora
1228 3269 1333 3333 inore-

146 3398 253 3452 menta
276 3399 371 3451 nacta
393 3408 459 3452 esse
483 3408 519 3452 ex
544 3387 676 3475 repetita
693 3387 829 3454 lectione
853 3389 954 3454 libens
974 3389 1093 3467 fateor,
1127 3402 1158 3454 et
1178 3412 1233 3454 suo
1261 3389 1331 3456 loco

146 3507 331 3598 apparebit,
368 3520 436 3572 tum
471 3507 503 3572 in
532 3505 593 3572 hoc
626 3507 796 3587 fasciculo,
830 3522 898 3574 tum
926 3509 959 3574 in
992 3509 1111 3589 altero,
1148 3532 1243 3597 quern
1272 3510 1332 3576 alia

147 3628 301 3696 Codicum
331 3627 536 3694 Bobicnsium
559 3625 634 3692 folia
663 3628 865 3719 palimpsesta
889 3629 921 3694 in
946 3628 1013 3694 aliis
1037 3627 1236 3694 bibliothecis
1267 3652 1332 3696 ser-

145 3762 216 3815 vata
248 3771 347 3838 quum
379 3748 562 3838 inspexero,
605 3747 746 3815 editurus
777 3773 859 3815 sum.
917 3747 1048 3816 Accedit
1078 3748 1143 3814 huc
1183 3749 1266 3839 quod
1298 3751 1331 3816 in

147 3870 245 3936 altera
265 3892 320 3934 sue
342 3868 480 3935 editione
504 3869 637 3957 (Romae
660 3869 758 3958 1828)
783 3870 884 3936 Maius
908 3869 1021 3934 melius
1044 3868 1128 3935 hanc
1148 3893 1237 3936 suam
1256 3893 1331 3960 pro-

146 3990 283 4055 vinciam
295 3989 575 4067 administraverit,
601 4013 676 4055 nam
688 3991 762 4055 viris
782 3990 902 4069 doctis,
924 3990 1068 4056 certatim
1081 3991 1137 4079 qui
1156 3992 1189 4056 in
1210 3991 1331 4059 edendo

147 4121 178 4176 et
202 4109 399 4176 emendando
422 4111 626 4177 novissimum
648 4110 832 4177 Tullianum
852 4120 950 4201 opus,
975 4113 1088 4177 versati
1112 4125 1221 4192 erant,
1246 4115 1330 4179 etin

147 4229 344 4296 coniiciendo
368 4230 616 4311 desudaverant,
642 4233 813 4321 quaerebat
826 4232 912 4323 quod
924 4231 1074 4299 obiiceret
1094 4234 1162 4298 iure
1178 4258 1234 4299 suo
1254 4258 1331 4301 auc-

147 4351 266 4417 toritati
286 4351 372 4422 unici
399 4351 471 4415 libri
490 4352 631 4432 innisus;
659 4351 743 4417 locos
767 4353 806 4418 de
827 4377 964 4443 quorum
976 4353 1111 4418 lectione
1131 4353 1178 4418 illi
1197 4353 1331 4422 dubium

147 4483 327 4549 moverant,
360 4471 537 4536 accuratius
567 4473 720 4562 inspexit,
752 4487 784 4541 et
813 4476 857 4541 sic
881 4474 1023 4541 codicem
1053 4474 1165 4540 melius
1198 4479 1331 4544 excussit

148 4607 182 4658 ut
206 4592 358 4682 speciosas
378 4593 450 4656 istas
471 4592 671 4682 impugnaret
696 4597 912 4676 coniecturas,
937 4608 1062 4675 cetera,
1088 4618 1168 4684 quac
1192 4598 1224 4662 in
1248 4601 1330 4688 opti-
