2888 5144
594 342 857 390 nurrnrrrorns.
1253 326 1313 399 167

173 510 211 577 In
232 509 443 601 capitulorum
467 512 575 580 Indice
599 514 701 580 editor
723 515 828 578 minus
848 526 932 578 recte
950 513 999 578 bis
1018 509 1137 576 recedit
1156 533 1175 574 a
1194 512 1314 578 codice.

127 631 203 720 Pag.
227 636 246 696 2
270 655 348 697 vers.
375 639 394 698 3
419 633 452 697 in
477 634 539 702 col.
564 657 633 725 pr.:
672 635 771 720 «Qui
787 635 909 700 obitum
927 633 1017 698 liber.
1043 631 1169 696 tuler.»
1193 633 1316 698 alinea

126 753 241 841 scripta
278 764 365 833 sunt;
405 753 488 819 male
524 756 624 820 Maius
658 755 738 820 haec
772 754 931 820 subnectit
963 751 1182 844 praecedentis
1205 753 1316 842 capitis

126 872 222 938 titulo
254 872 333 938 «lte
368 887 538 964 parentum
572 873 831 953 moderatione,»
866 897 930 963 qua
953 874 1158 963 inscriptione
1180 859 1317 962 gaudere

124 991 245 1057 debent
264 993 297 1056 in
319 1004 406 1058 textu
430 994 501 1060 Lib.
526 995 554 1058 V
577 996 654 1084 Cap.
681 997 741 1079 6'§
769 999 857 1060 5-8
883 993 966 1084 (val.
983 993 1020 1071 V,
1035 993 1083 1080 9),
1105 1017 1123 1058 a
1148 993 1317 1082 superiori·

125 1112 185 1177 bus
205 1114 399 1179 secernenda
420 1128 587 1204 quaesunt
610 1139 632 1179 ‹<
644 1116 690 1181 lte
703 1127 871 1205 parentum
884 1117 1082 1181 severitate»
1109 1114 1195 1202 (Vel.
1210 1114 1250 1193 V,
1264 1113 1315 1202 8);

127 1234 217 1322 atqui
244 1234 316 1299 Lib.
340 1233 488 1325 VCaput
513 1239 531 1301 7
556 1235 639 1321 (val.
655 1235 694 1313 V,
723 1236 777 1322 10)
803 1258 855 1300 eos
879 1236 1058 1301 contineat:
1086 1259 1108 1298 «
1121 1235 1183 1320 Qui
1196 1234 1318 1299 obitum

126 1353 300 1418 liberorum
318 1355 393 1418 forti
413 1355 481 1419 scii.
504 1356 609 1420 animo
622 1355 764 1421 tulerunt
772 1378 806 1433 ,n
818 1378 893 1419 nam
905 1355 1032 1419 nullum
1041 1354 1138 1420 habet
1150 1366 1319 1444 parentum

127 1473 350 1539 moderationis
382 1475 573 1564 exemplum.
622 1473 776 1541 Similiter
798 1488 883 1541 recte
908 1486 1051 1564 separata
1076 1496 1093 1538 a
1116 1474 1319 1564 praecedenti

128 1595 251 1681 scripsit
283 1593 429 1659 librarius
453 1619 526 1685 pag.
554 1601 573 1659 2
598 1618 666 1660 vers
691 1599 730 1660 21
758 1596 792 1660 in
814 1597 875 1661 col.
901 1619 972 1685 pr.:
999 1577 1120 1680 «Quae
1139 1607 1206 1660 rata
1225 1618 1319 1661 man·

128 1727 279 1792 serunt,»
303 1737 378 1779 nam
401 1715 462 1781 hoe
486 1716 579 1781 titulo
603 1715 821 1782 inscribendae
845 1728 937 1794 snnt,
959 1715 1100 1805 utapud
1122 1714 1194 1781 val.
1210 1715 1318 1794 v11,8

131 1835 148 1917 §
178 1836 284 1912 1-5,
311 1815 429 1900 Paridis
455 1836 516 1901 vll
542 1834 661 1926 Capitis
685 1841 705 1901 8
730 1835 919 1926 paragraphi
936 1839 1069 1914 8-10,
1091 1834 1168 1900 dum
1179 1836 1320 1924 reliquae

130 1955 148 2036 §
178 1956 310 2019 11-15
335 1977 372 2019 ex
396 1955 521 2020 Valerio
548 1954 629 2034 VII,
660 1958 680 2020 8
701 1961 718 2042 §
743 1960 832 2020 5-9
852 1968 1015 2045 excerptae
1039 1978 1094 2020 sua
1117 1956 1321 2045 inscriptione

128 2075 162 2138 in
187 2085 274 2139 textu
297 2074 435 2163 gaudere
458 2074 595 2155 debent,
621 2099 704 2165 quae
727 2076 761 2140 in
785 2075 894 2142 Indice
918 2076 1130 2166 capitulorum
1149 2100 1214 2143 non
1233 2077 1321 2144 deest

129 2195 161 2258 in
183 2193 307 2260 brevius
327 2197 371 2261 sie
396 2207 573 2261 contracta:
601 2197 696 2281 «Qui
720 2209 829 2262 contra
854 2193 1038 2286 opinionem
1059 2196 1229 2264 heredes.»

634 2437 764 2502 LIBER
788 2438 814 2501 Ι.

176 2674 279 2765 Caput
312 2677 341 2742 ll
372 2686 389 2764 §
421 2683 453 2743 7.
504 2678 605 2743 Maius
636 2677 722 2744 dedit
752 2677 990 2743 «thensaurum
1015 2679 1263 2767 Proserpinae,›>
1286 2692 1319 2745 et

131 2808 214 2862 recte
247 2797 375 2885 quidem
406 2800 450 2864 sic
480 2801 581 2889 prima
616 2822 728 2863 manus
763 2799 929 2887 scripserat
970 2800 1229 2886 mementorum,
1265 2800 1319 2866 sed

131 2917 176 2982 nil
201 2940 258 2983 nos
281 2933 406 2999 moret,
439 2921 517 3009 quin
540 2919 696 2985 secundae
717 2942 828 2984 manus
853 2919 1081 2985 correctionem
1105 2921 1317 3009 accipiamus,

133 3061 213 3127 quae
232 3039 343 3105 deletis
362 3063 421 3129 per
435 3040 567 3106 lincolas
580 3065 641 3121 ns,
663 3040 782 3106 addidit
794 3064 850 3106 suo
862 3040 932 3107 loco
945 3064 980 3120 s,
998 3041 1090 3105 itaut
1104 3039 1318 3130 thesiaurum
1400 3057 1403 3068 '

130 3160 201 3239 fiat3
238 3166 319 3249 q'uae
351 3185 450 3251 quum
483 3164 526 3227 ita
559 3163 638 3241 sint,
663 3162 871 3252 improbanda
893 3162 1018 3228 videtur
1041 3161 1239 3243 Maurusio,
1264 3163 1320 3252 qui

133 3287 149 3369 §
187 3290 207 3351 8
239 3306 304 3347 non
336 3295 460 3348 tantum
489 3296 598 3349 contra
622 3307 730 3348 sanam
759 3285 983 3374 etymologiam
1006 3306 1115 3349 verum
1139 3285 1188 3350 rel
1212 3283 1320 3350 codice

132 3407 316 3472 adversante
339 3403 425 3469 dedit
450 3406 648 3468 thensauro.

177 3525 257 3617 Gap.
291 3525 337 3590 lv
367 3529 383 3610 §
410 3530 441 3590 5.
491 3525 589 3590 Recte
613 3525 742 3589 omnino
765 3525 932 3614 Kempfius
953 3524 1132 3591 emendavit
1154 3525 1231 3590 Maii
1253 3525 1319 3591 lec·

131 3648 270 3713 tionem:
297 3644 378 3732 «Isn
399 3649 559 3732 sequenti
580 3657 673 3710 nocte
697 3644 789 3711 aedes
810 3645 922 3711 Vestae
936 3647 1010 3711 arsit
1021 3669 1056 3724 ,o
1079 3644 1212 3735 legendo
1225 3644 1319 3710 «In-

130 3770 335 3856 sequenti,»
369 3788 442 3831 nam
466 3766 511 3832 sic
534 3767 631 3832 codex
656 3789 783 3855 quoque
807 3766 914 3830 locum
936 3765 1083 3845 exhibet,
1108 3764 1194 3854 quod
1216 3766 1320 3831 Maius

131 3890 221 3955 alteri
259 3887 438 3978 praeripere
473 3889 639 3978 potuisset;
677 3888 873 3978 Nepotianus
905 3886 1001 3951 habet
1033 3886 1163 3975 simplex
1187 3886 1318 3952 verbum

131 4009 309 4098 «sequenti
332 4020 464 4074 nocte.»

175 4129 258 4195 lbid.
285 4131 303 4214 §
328 4134 361 4196 7.
403 4130 504 4195 Venio
529 4130 568 4195 ad
592 4131 678 4196 aliud
702 4151 845 4196 errorum
868 4149 986 4217 genus,
1012 4128 1074 4192 nisi
1093 4129 1319 4218 negligentiam
1410 4221 1411 4226 γ

128 4249 206 4314 ‘Maii
236 4249 351 4327 maris,
378 4250 495 4338 quippe
519 4251 575 4338 qui
598 4251 720 4316 nullam
746 4250 786 4315 ob
810 4269 936 4314 causam
960 4248 994 4312 in
1018 4248 1126 4314 multis
1149 4250 1226 4315 locis
1248 4274 1319 4317 ver-

131 4368 242 4434 borum
280 4370 423 4435 ordinem
459 4372 700 4459 transposuerit;
738 4372 771 4435 in
805 4368 966 4459 plerisque
997 4368 1043 4433 nil
1064 4369 1140 4435 facit
1164 4370 1203 4434 ad
1228 4393 1317 4452 rem,
1437 4393 1440 4399 ’

132 4513 196 4556 non
227 4492 398 4580 obloquor,
430 4491 483 4556 sed
515 4515 572 4556 cur
596 4514 712 4580 quaeso
737 4491 776 4556 ab
800 4492 912 4582 optimi
935 4489 1056 4561 codicis,
1075 4493 1229 4581 scriptura
1253 4491 1318 4557 dis·

133 4613 247 4679 cedas?
291 4615 359 4679 lmo
396 4614 591 4703 saepiuscule
625 4613 768 4679 Valerius
801 4614 852 4679 vel
876 4614 973 4680 semel
997 4612 1156 4702 inspectus
1180 4635 1319 4679 errorem
