2888 5144
153 291 194 352 20
530 306 648 354 cronno
674 307 715 352 nr
741 308 782 352 nr
808 307 961 353 rustica.

152 478 261 545 ordine
291 487 475 567 persecutus
502 499 519 540 a
544 475 683 541 secundo
708 499 808 566 usque
832 476 871 542 ad
895 500 1016 543 nonum
1040 478 1202 545 saeculum
1229 477 1342 566 (scrip-

152 613 257 665 turam
282 597 441 662 unoialem
465 609 497 662 et
519 597 708 662 maiusculas
731 609 857 664 tanturn
880 598 988 687 tolo),
1013 599 1053 665 de
1076 599 1230 665 industria
1254 597 1343 663 illam

151 719 283 810 egregiis
315 716 445 782 adiectis
473 716 589 782 tabulis
619 717 807 796 illustrarit,
839 719 979 808 primum
1004 719 1123 785 scilieet
1146 719 1252 784 locum
1278 716 1343 781 Va-

151 843 255 908 ticano
275 851 381 904 nostro
403 836 513 903 codici
533 838 735 927 assignaverit
754 840 789 904 in
808 863 923 930 magna
942 841 1151 931 speciminurn
1168 838 1343 904 uncialium

151 961 349 1029 collectione.
401 958 491 1044 Quod
523 959 548 1023 si
567 959 601 1024 in
623 960 732 1024 multis
756 960 922 1025 ferendum
945 962 995 1026 rir
1019 973 1118 1039 esset,
1145 958 1267 1026 Gallico
1292 958 1343 1023 isti

152 1080 309 1148 scribendi
333 1079 483 1168 magistro
506 1079 626 1168 ignosci
649 1080 778 1169 nequit,
804 1081 921 1171 quippe
945 1081 997 1147 eui
1022 1079 1060 1145 ad
1084 1101 1217 1145 manum
1239 1092 1343 1146 essent

152 1203 325 1292 scripturae
346 1200 485 1266 diversae
505 1200 599 1289 longe
615 1200 741 1290 plures,
765 1224 901 1291 quarum
918 1214 1065 1267 naturam
1085 1213 1116 1268 et
1135 1201 1342 1290 proprietates

153 1323 281 1390 omnino
305 1344 369 1387 non
393 1320 571 1410 ignorabat.
621 1319 689 1385 Nee
713 1333 780 1386 erat
801 1343 858 1386 our
882 1322 941 1387 sibi
963 1322 1085 1411 imponi
1108 1333 1270 1411 pateretur
1292 1321 1344 1388 rel

153 1443 195 1509 ab,
221 1442 343 1532 Angelo
379 1441 484 1521 Maio,
514 1443 569 1531 qui
593 1441 632 1506 ad
656 1442 834 1508 litterarum
857 1443 992 1508 lbrmam
1015 1465 1080 1507 non
1104 1443 1176 1508 satis
1198 1442 1344 1510 attende-

152 1565 225 1644 bat,
257 1587 319 1653 qua
351 1565 384 1628 in
416 1587 449 1629 re
478 1576 544 1629 tota
567 1575 709 1629 versatur
732 1565 894 1653 quaestio,
917 1565 982 1629 iarn
1005 1564 1038 1629 in
1061 1587 1211 1630 mensura
1234 1587 1342 1630 earum

153 1685 343 1763 subsistens,
377 1707 458 1772 quae
494 1682 571 1766 adeo
597 1684 753 1762 fluctuat,
778 1697 814 1749 ut
838 1683 876 1748 ad
901 1697 1037 1750 aetatem
1060 1685 1274 1751 definiendam
1298 1686 1344 1753 nil

153 1805 328 1895 quidquam
358 1827 430 1870 earn
461 1804 565 1870 lacere
589 1803 700 1870 doceat
725 1804 829 1893 quinti
849 1806 967 1872 saeculi
991 1805 1147 1895 Virgilius
1169 1805 1343 1872 Vaticanus

153 1926 211 1992 N⁰.
244 1930 331 1991 3867
344 1916 366 2004 ,”
386 1924 463 1992 Silv.
499 1925 564 1991 tab.
599 1929 662 2003 60,
698 1948 825 1991 necnon
858 1925 978 1991 Gellius
1009 1927 1171 1994 Palatinus
1194 1928 1251 1993 N⁰.
1278 1932 1341 2008 24,

154 2058 290 2136 quorum
321 2046 444 2112 litterae
477 2047 570 2110 unius
602 2046 715 2111 unciae
744 2045 998 2135 magnitudinem
1030 2060 1212 2137 superantes
1235 2060 1343 2114 tamen

153 2165 294 2234 eiusdem
336 2167 454 2232 saeculi
489 2179 561 2233 sunt
597 2189 633 2231 ao
665 2165 807 2232 Sallustii
842 2166 988 2233 Vaticani
1023 2169 1178 2259 scriptura
1212 2168 1342 2236 dimidio

153 2288 278 2366 minor,
313 2309 375 2377 qua
407 2310 513 2353 rursus
546 2285 676 2352 dimidio
699 2287 805 2351 minor
827 2300 873 2353 est
898 2287 1063 2357 Terentius
1088 2289 1259 2355 Vaticanus
1283 2289 1340 2355 N⁰.

154 2412 265 2488 3226,
299 2409 354 2497 qui
386 2421 512 2498 superat
536 2407 640 2474 adhuc
664 2409 795 2474 Liviana
815 2409 991 2498 fragmenta
1014 2410 1216 2500 palimpsesto
1240 2411 1341 2477 Palat.

153 2528 211 2596 N⁰.
238 2533 303 2609 24,
330 2553 410 2619 quae
433 2530 504 2596 ride
527 2530 610 2620 apud
635 2530 848 2596 Niebuhriurn
870 2531 904 2595 in
928 2531 1047 2598 tabula.

203 2647 348 2716 Osannus
380 2651 500 2741 aliquid
520 2651 615 2729 fecit,
640 2651 781 2723 codicem
806 2664 948 2716 nostrum
974 2653 1156 2719 Tullianum
1180 2653 1250 2720 loeo
1273 2677 1343 2721 mo·

153 2794 248 2850 rens,
273 2773 307 2835 in
332 2794 428 2860 quem
451 2771 533 2836 male
557 2771 671 2860 pedem
696 2772 872 2850 intulerat,
892 2771 946 2836 scd
970 2772 1113 2838 nondum
1137 2775 1343 2862 acquiescen-

153 2890 231 2956 dum
262 2903 308 2956 est
338 2892 372 2955 in
405 2903 517 2979 quarto
549 2892 686 2957 saeculo.
736 2891 808 2957 Non
840 2891 925 2957 enim
958 2893 1012 2958 ille
1043 2917 1095 2959 me
1118 2893 1215 2960 habet
1239 2917 1342 2962 assen-

153 3012 305 3091 tientem,
338 3011 394 3076 ubi
425 3012 534 3077 scribit
564 3034 637 3101 pag.
669 3031 736 3076 xrv:
773 3023 965 3076 «externam
990 3011 1106 3078 codicis
1128 3014 1263 3082 formam
1286 3019 1343 3106 qui

153 3133 317 3221 respiciat,
350 3132 382 3196 in
415 3156 449 3197 re
479 3133 599 3197 ineerta
631 3144 662 3197 et
694 3131 830 3220 ancipite
853 3143 1013 3210 versatur,
1038 3145 1148 3197 contra
1171 3136 1250 3200 ratio
1272 3160 1343 3227 per·

154 3253 307 3342 quirentis
343 3251 464 3316 librarii
495 3251 694 3343 disciplinam
726 3264 820 3341 atquc
851 3252 1060 3318 eruditionem
1093 3255 1194 3321 multo
1228 3259 1344 3325 certior

153 3387 200 3438 est
230 3386 262 3439 et
294 3373 433 3452 firmior,
460 3397 541 3463 quae
565 3387 629 3439 tota
652 3372 769 3462 pendet
794 3397 810 3437 a
834 3373 952 3439 saeculi
976 3398 1038 3464 quo
1062 3376 1185 3465 scripsit
1207 3401 1343 3446 consue·
1406 3410 1409 3417 ·

154 3494 263 3561 tudine
295 3507 327 3559 et
349 3495 520 3584 ingenio.»
569 3495 727 3585 Atlonge
751 3496 841 3560 aliter
865 3519 913 3560 res
937 3494 1105 3575 sehabet,
1131 3519 1204 3562 narn
1228 3511 1343 3566 natura

154 3615 287 3694 codicis,
320 3616 493 3705 scripturae
525 3638 624 3704 genus
636 3665 645 3695 ,
670 3615 848 3681 litterarum
874 3615 994 3693 forma,
1019 3614 1127 3680 titulos
1151 3615 1222 3682 dieo
1246 3632 1343 3709 atque

152 3737 312 3814 initiales,
350 3735 473 3801 etiamsi
506 3736 630 3826 singula
666 3759 733 3802 rem
757 3759 822 3801 non
845 3736 1029 3825 perficiant,
1054 3737 1198 3803 universa
1222 3762 1278 3804 nos
1303 3739 1343 3806 ad

155 3870 299 3947 optatmn
330 3856 427 3921 finem
458 3856 658 3947 perducunt,
692 3856 813 3921 collatis
841 3856 909 3921 aliis
931 3857 1173 3947 manuscriptis,
1198 3858 1237 3926 de
1262 3883 1344 3949 quo-

154 4001 225 4044 rum
250 3989 352 4044 aetate
376 3977 496 4066 aliquid
520 3978 631 4043 saltem
656 3990 789 4043 constat.
839 3976 885 4042 De
905 3976 966 4042 hoc
986 3978 1144 4067 probabili
1162 3981 1342 4070 palaeogra-

153 4098 248 4190 phiae
279 4098 486 4164 fundamento
516 4099 541 4164 si
565 4097 801 4176 dubitaremus,
826 4099 890 4163 iarn
911 4111 1018 4164 aetum
1038 4112 1118 4166 esset
1141 4099 1180 4165 de
1203 4101 1258 4165 illa
1282 4101 1342 4168 dis·

155 4218 293 4307 ciplina,
318 4229 353 4281 ut
378 4217 482 4283 ridere
506 4231 552 4285 est
577 4217 661 4309 apud
685 4218 880 4300 Silvestrem3
904 4219 957 4285 sed
976 4219 1097 4286 bonmn
1115 4221 1236 4287 factum
1257 4223 1342 4312 quod

156 4361 256 4428 quum
280 4338 313 4402 in
337 4339 466 4416 ceteris,
492 4352 562 4404 turn
584 4341 618 4405 in
642 4353 747 4406 nostro
771 4340 852 4406 libro
877 4341 938 4407 alia
961 4355 1007 4408 est
1031 4343 1122 4407 ratio.

202 4456 435 4547 Orthographia
461 4474 569 4526 contra
594 4459 720 4528 Osanno
745 4464 866 4528 firmior
890 4476 923 4529 et
946 4463 1060 4529 certior
1083 4461 1145 4527 dux
1169 4486 1235 4530 esse
1255 4465 1342 4533 ride-

154 4592 225 4658 tur,
259 4578 311 4644 scd
343 4579 441 4644 nolite
472 4579 533 4646 hoc
565 4606 690 4671 urgerc;
725 4585 924 4650 librariorum
949 4584 1074 4673 ingenia
1100 4607 1255 4672 quaenam
1280 4588 1341 4653 sint
