2888 5144
376 348 441 395 tn.
468 329 494 394 1.
522 331 540 412 t
569 331 629 405 ιο,
658 333 719 407 ιι,
748 332 808 408 12,
837 334 897 408 16,
924 334 982 408 1s,
1008 334 1063 395 22.
1267 333 1308 392 ss

135 574 138 582 .
171 515 196 606 3
222 520 275 584 11.
322 518 468 608 Regere.
517 515 570 583 Sic
601 518 735 584 correxit
761 517 859 584 altera
880 540 994 584 manus
1016 518 1140 584 litterae
1164 536 1309 611 cqerasao

125 638 387 728 superscribendo
407 659 450 717 c,
472 637 557 704 unde
576 639 744 717 coniicias,
765 639 826 703 nisi
842 640 902 704 istu
919 640 1053 730 explicet
1068 639 1308 729 pronunciatio,

124 760 296 830 discrimen
319 761 402 827 inter
422 759 503 825 duas
526 760 596 825 illus
619 761 739 826 litteras
755 761 904 850 exiguum
923 761 1018 827 luisse
1037 761 1071 827 in
1091 759 1192 838 libro,
1214 780 1310 848 quem

125 881 275 947 librarius
305 880 483 970 descripsit3
518 891 659 946 attamen
688 880 771 947 bene
801 880 975 946 tenendum
997 893 1044 946 ast
1067 881 1152 948 idem
1174 880 1254 946 illud
1276 881 1310 944 in

124 1001 192 1066 lere
214 1001 302 1066 omni
324 1002 481 1090 scriptura
502 999 749 1066 maiuscularum
776 1001 883 1066 locum
905 1001 1059 1068 obtinere.

171 1241 246 1306 Vll.
277 1239 301 1330 3
334 1244 386 1306 12.
435 1239 604 1331 Propius.
654 1240 759 1308 (lodex
793 1242 891 1308 habet
918 1245 1093 1332 proprius
1123 1242 1230 1307 addita
1261 1243 1311 1308 in·

126 1373 212 1428 certa
247 1360 490 1440 emendatione,
522 1384 597 1426 nam
632 1361 803 1451 Augustini
835 1362 981 1428 librarius
1004 1364 1181 1428 mulierem
1205 1386 1311 1453 supra·

127 1483 250 1572 posuit,
275 1482 329 1548 scd
351 1504 418 1548 non
441 1495 488 1548 est
512 1483 732 1572 expunctionis
755 1483 928 1561 indicium,
958 1483 999 1549 de
1023 1505 1086 1572 quo
1110 1485 1222 1550 Maius.

126 1776 128 1781 .
171 1722 213 1788 X.
240 1720 264 1811 3
295 1724 348 1788 to.
397 1722 451 1788 ue
468 1727 557 1788 uita.
596 1721 700 1790 «cot.
722 1724 797 1788 etta
820 1747 892 1790 mox
911 1724 1030 1791 ibidem
1049 1724 1170 1792 factum
1192 1729 1310 1790 otte.»

128 1843 240 1910 liuius.
287 1841 360 1908 Nou
387 1842 452 1940 ita,
483 1842 530 1907 nil
554 1842 729 1932 quidquam
752 1846 894 1910 cernitur
914 1845 1039 1912 litterae
1062 1869 1102 1926 o,
1127 1869 1187 1913 nec
1209 1859 1312 1936 potest

127 1964 216 2042 fieri,
252 1973 288 2027 ut
321 1961 425 2028 Maius
457 1984 529 2028 eam
564 1962 678 2029 viderit
711 1964 770 2029 sub
800 1963 969 2055 Augustini
992 1988 1014 2030 u
1024 1968 1138 2031 tribus
1160 1970 1311 2034 malis.»

127 2085 196 2151 Nec
230 2105 303 2149 roro
336 2081 513 2172 respuenda
545 2083 747 2164 emendatio,
782 2086 954 2152 dummodo
990 2087 1103 2153 editori
1132 2088 1311 2168 tribuetur,

129 2229 202 2272 nam
225 2205 261 2268 in
283 2202 353 2268 aliis
374 2202 452 2269 locis
474 2203 596 2270 incerta
617 2217 664 2271 est
687 2208 829 2296 quaestio
851 2220 981 2297 propter
1002 2208 1196 2299 palimpsesti
1217 2221 1313 2275 notu·

129 2347 216 2406 nm,
235 2324 298 2392 hoc
320 2349 394 2394 vero
416 2340 449 2394 et
470 2327 673 2417 praecedenti
690 2328 761 2394 looo
781 2330 902 2395 lduium
920 2328 1044 2421 lapsum
1056 2352 1124 2396 csse
1141 2330 1312 2398 contendo.

173 2567 249 2634 ΧΗ.
276 2566 300 2658 3
327 2570 380 2634 18.
430 2567 541 2647 Dein,
570 2590 673 2655 quum
702 2577 818 2632 essent
843 2591 1028 2659 perpauca
1059 2572 1155 2633 inter
1185 2592 1312 2635 senno

129 2697 192 2755 eut
225 2689 342 2754 altero
377 2693 495 2779 spatio
529 2689 711 2767 collocuti,
742 2686 968 2779 Scipionique
998 2711 1113 2753 eorum
1141 2689 1313 2754 adventus

124 2808 368 2900 periucundus
409 2818 444 2874 et
475 2819 674 2901 pergratae
708 2809 866 2898 fuisset,
897 2811 1073 2901 placitum
1108 2818 1173 2878 est.
1221 2810 1313 2879 Hanc

129 2931 262 3020 arripuit
292 2930 395 2996 Maius
424 2932 459 2996 in
485 2931 584 2997 altera
607 2931 745 2997 editione
768 2932 907 2997 virorum
929 2930 1096 2996 doctorum
1117 2930 1313 2997 emendatio·

129 3073 203 3119 nem
243 3074 301 3142 pro
344 3051 460 3118 codicis
499 3051 637 3118 lectione
669 3075 736 3141 quo
770 3074 886 3132 eorum
920 3065 976 3117 aut
1010 3050 1167 3118 secundae
1201 3074 1314 3119 manus

130 3195 294 3263 quorum
319 3184 352 3236 at
372 3183 519 3262 potuerat
540 3172 605 3238 iam
627 3184 720 3239 antea
742 3174 786 3239 ita
808 3173 933 3262 legere,
954 3194 1034 3237 nam¹
1048 3171 1132 3239 liano
1148 3173 1314 3262 probatam

129 3295 299 3361 lectionem
322 3293 387 3359 iam
409 3292 531 3382 primae
552 3294 663 3358 manui
685 3293 858 3374 debemus,
882 3317 965 3383 quae
988 3295 1048 3359 rite
1065 3295 1100 3358 in
1120 3293 1184 3360 fine
1203 3296 1315 3384 prioris

130 3413 276 3482 laterculi
309 3411 534 3504 Scipionique
557 3414 699 3503 scripsit,
729 3426 761 3479 et
783 3414 942 3503 sequentis
964 3414 1055 3478 initio
1078 3412 1230 3493 Eorum,
1255 3437 1316 3482 nec

131 3534 217 3601 aliud
240 3534 300 3600 sibi
323 3531 422 3598 voluit
445 3545 615 3612 corrector,
639 3534 771 3623 opinor,
800 3534 917 3624 quippe
942 3534 997 3622 qui
1019 3532 1143 3600 lineolis
1166 3534 1316 3601 deleverit

131 3655 251 3723 litteras
275 3654 351 3733 tto,
378 3665 410 3719 et
439 3676 458 3718 o
489 3654 742 3744 suprascripserit
772 3653 868 3720 serbo
891 3675 976 3742 que,
1008 3653 1059 3719 sed
1084 3655 1128 3720 ita
1152 3668 1231 3721 ute
1251 3678 1316 3721 non

131 3775 270 3854 deleret,
314 3773 399 3841 unde
444 3788 530 3841 recte
571 3774 715 3865 procedit
750 3773 967 3866 Scipioniqu'
1005 3795 1145 3853 corum:
1179 3776 1317 3843 elisionis

131 3896 274 3987 excnrpla
295 3897 410 3986 passim
433 3908 615 3964 occurrunt.

177 4138 265 4205 XIV.
302 4136 327 4227 3
364 4143 419 4204 22.
479 4137 640 4204 Eandem
684 4140 784 4204 illum
827 4136 1020 4228 (sphaeram)
1070 4141 1186 4202 ostris
1222 4143 1317 4206 coelo

134 4258 399 4324 inhaerentibus
429 4279 505 4322 esse
533 4257 764 4349 descriptam.
812 4256 919 4324 «God.
948 4260 1087 4322 lmanu
1108 4258 1209 4324 illum
1234 4263 1318 4326 stel-

136 4381 249 4468 lisque
280 4381 393 4459 euelo,
421 4381 442 4442 2
466 4399 539 4443 rero
562 4377 702 4444 deletum
726 4379 910 4466 stellisque
933 4391 965 4444 et
986 4376 1139 4468 scriptum
1165 4384 1319 4448 ostris.»

135 4500 249 4567 liuius.
297 4495 419 4589 Copula
452 4497 577 4564 residua
610 4520 675 4587 que
705 4496 832 4566 Osanna
855 4498 916 4564 tuit
937 4497 1112 4580 indicium,
1134 4497 1321 4568 Ciceronem

136 4623 292 4712 scripsisse
316 4624 432 4686 astris
457 4622 661 4709 stellisque,
687 4643 784 4710 quam
812 4620 992 4710 opinionem
1017 4621 1104 4687 novis
1128 4624 1320 4712 argumentis

1076 4747 1093 4796 3
1102 4743 1116 4774 l
