2888 5144
584 303 843 351 EMENDATIONE‘S.

126 473 264 542 revocati
283 484 356 538 sunt
379 470 541 550 consules,
566 472 696 561 Figulus
718 495 736 537 e
761 472 883 552 Gallia,
908 471 1014 562 Scipio
1034 473 1147 540 Nasica
1167 496 1204 540 er
1226 473 1306 540 Cor-

126 597 206 675 sica,
245 604 278 659 et
311 596 526 682 magistratu
561 615 597 657 se
632 592 892 660 abdicaverunt.
942 593 1040 659 Tanta
1077 595 1119 659 vis
1146 593 1306 683 religionis

128 729 214 782 cet.»
263 713 312 780 Cf.
340 714 445 780 Valer.
472 713 543 792 1,1
573 716 590 798 §
617 719 649 780 3.

171 834 302 902 Lineola
325 835 447 924 saepius
477 834 635 913 abundat,
660 848 695 901 ut
716 835 809 901 modo
833 834 996 913 dicebam,
1028 836 1072 901 sic
1094 848 1179 901 recte
1204 836 1306 902 Maius

126 980 196 1022 eam
221 957 335 1046 sprevit
360 958 377 1040 §
401 957 441 1020 12
458 960 642 1046 peruenit,
667 955 722 1022 ubi
741 979 834 1047 supra
853 960 869 1021 c‘
888 969 1016 1047 apparet
1036 969 1152 1023 stante
1165 957 1306 1023 tinserta

125 1089 171 1143 est
207 1101 249 1156 o,
282 1088 389 1142 contra
421 1077 454 1140 in
483 1089 610 1142 auctore
641 1090 746 1142 nostro
783 1080 801 1162 §
834 1079 874 1141 16
898 1077 972 1143 ferri
994 1090 1097 1167 potest
1120 1077 1307 1143 «instabant

129 1220 234 1277 sacru,
261 1220 343 1286 quae
366 1198 569 1286 oportebant
591 1197 780 1263 celebrari.»

171 1319 240 1384 Nec
273 1340 350 1407 opus
374 1341 438 1382 esse
462 1316 604 1396 videtur,
634 1330 669 1382 ut
694 1322 711 1404 §
740 1320 779 1382 17
803 1317 943 1408 legamus
968 1319 1081 1409 «quod
1105 1320 1204 1384 Varro
1226 1341 1306 1408 pue-

127 1462 198 1504 rum
229 1438 490 1528 speciosissimum
521 1442 558 1502 in
590 1437 671 1503 loris
699 1447 800 1502 tenso
825 1439 1058 1528 imposuisset.»
1095 1438 1198 1507 Codex
1222 1440 1308 1505 eninr

126 1559 222 1625 habet
251 1559 351 1646 «[irr]
388 1558 468 1624 loris
493 1568 589 1622 tense
611 1559 712 1648 imp.»
756 1558 899 1624 Valerius
922 1559 957 1638 1,
986 1562 999 1624 l
1028 1562 1046 1645 §
1074 1564 1114 1625 16
1139 1561 1202 1625 «11
1227 1559 1307 1625 loris

126 1693 215 1747 tensa
238 1702 373 1771 puerum
397 1678 435 1743 ad
461 1680 585 1744 exuvias
608 1678 758 1745 tenendas
780 1680 971 1768 posuisset.»

173 1800 347 1891 Scriptura·
367 1799 604 1890 Longobardica
635 1823 729 1865 causa
755 1800 814 1865 1111
845 1823 902 1866 cur
927 1805 944 1887 §
969 1804 1011 1867 10
1033 1800 1116 1867 male
1138 1799 1245 1866 habita
1270 1801 1309 1866 sit

128 1945 146 1986 a
179 1922 275 2000 Maio;
313 1923 356 1987 sic
386 1921 471 1986 enirn
499 1920 552 1986 1111
587 1919 702 1986 edidit:
753 1918 929 1986 «Brennus
960 1945 1013 1987 rer
1050 1921 1212 1988 Gallorum
1242 1923 1309 1987 vic·

128 2043 213 2109 toriis
237 2041 375 2131 Delphos
399 2064 498 2130 usque
513 2049 766 2130 pervenerat.»
797 2041 834 2106 In
858 2041 966 2108 codice
989 2041 1104 2131 legitur
1119 2047 1333 2133 perveniat

126 2162 249 2253 vulgari
283 2185 386 2228 errore
420 2185 477 2251 pro
501 2166 667 2251 pervenit
677 2183 689 2239 ,·
725 2161 870 2226 librarius
900 2162 1006 2240 enim,
1038 2175 1074 2228 ut
1104 2186 1196 2253 supra
1225 2163 1308 2242 diri,

128 2282 268 2373 duplices
299 2282 412 2348 ductus
443 2281 566 2355 litterae
597 2289 612 2344 t
641 2303 698 2370 pro
730 2290 770 2345 ot
792 2280 921 2360 habuit,
948 2281 1032 2371 quod
1056 2305 1155 2370 quum
1179 2284 1223 2348 ita
1247 2284 1307 2363 sit,

127 2426 192 2469 non
221 2416 267 2469 est
298 2424 356 2468 cur
384 2401 606 2492 imperfectum
632 2399 804 2464 scribamus
828 2413 937 2465 contra
961 2424 1054 2466 usum
1078 2403 1306 2492 epitomatoris;

128 2525 168 2590 11.
194 2547 332 2590 errorem
355 2524 388 2588 in
411 2521 523 2589 eodem
546 2520 641 2587 verbo
667 2523 684 2605 §
712 2518 1285 2610 11111111111011111111111.

173 2645 220 2710 Ile
251 2668 306 2709 suo
341 2643 460 2708 addidit
489 2655 551 2708 tres
581 2641 700 2707 litteras
731 2642 764 2706 in
797 2643 814 2726 §
847 2646 909 2721 25,
943 2642 1057 2730 quibus
1088 2644 1180 2709 facile
1204 2666 1310 2710 carere

127 2788 309 2854 possumus:
370 2763 453 2829 «Ad
496 2763 690 2829 Masinissam
734 2784 840 2850 regem
881 2761 1053 2827 immensae
1084 2763 1309 2852 magnitudinis

128 2884 288 2975 elephanti
311 2883 419 2948 dentes
441 2883 618 2972 praefectus
642 2881 745 2947 classis
769 2879 900 2960 detulit,
927 2905 1004 2971 quos
1024 2905 1097 2947 cum
1117 2884 1311 2972 cognovisset

128 3030 145 3071 e
168 3004 286 3095 templo
311 3005 440 3069 lunonis
464 3004 635 3070 Melitensis
657 3002 796 3082 ablatos,
821 3003 951 3069 remisit.
1000 3003 1161 3093 inscripsit
1179 3027 1310 3094 quoque

128 3124 296 3216 gentilibus
320 3123 451 3190 litteris:
479 3125 635 3215 accepisse
659 3147 764 3213 regern
785 3125 1000 3214 ignorantem,
1022 3124 1197 3215 supplicem
1214 3127 1310 3192 remi-

128 3247 238 3311 sisse.»
281 3244 349 3309 Iam
376 3245 517 3333 legamus
542 3267 614 3309 cum
639 3243 766 3310 codice:
794 3246 963 3326 «remisit,
988 3247 1209 3337 inscripsitque
1232 3271 1313 3337 gen-

128 3368 234 3433 tilibus
258 3367 406 3431 litteris.»

175 3486 285 3576 Capite
315 3491 334 3551 2
361 3489 378 3572 §
403 3490 422 3552 5
446 3488 532 3552 iurat
556 3487 744 3552 vocabulum
769 3485 809 3550 ab
829 3483 951 3551 editore
975 3487 1123 3551 omissum
1146 3487 1310 3554 restituere

128 3609 161 3673 in
191 3607 261 3673 loco
284 3606 323 3673 de
346 3606 433 3672 libris
457 3607 672 3696 Pythagorae,
698 3607 753 3695 qui
775 3607 865 3697 pulso
888 3619 1016 3672 auctore
1040 3606 1111 3671 «ab
1135 3606 1311 3674 Athenien-

129 3728 229 3806 sibus,
254 3728 395 3817 publr'ce
422 3728 521 3793 exusti
544 3740 657 3808 sunt3»
682 3739 727 3792 est
750 3749 832 3792 unus
855 3751 873 3792 e
895 3727 972 3792 locis
996 3726 1133 3806 Valerii,
1159 3729 1214 3816 qui
1236 3753 1310 3819 per-

128 3848 243 3914 ierunt.
293 3845 383 3912 Idem
413 3847 542 3913 verbum
574 3847 750 3937 Nepotiano
780 3847 958 3912 subluratus
986 3858 1032 3912 est
1068 3846 1145 3938 Cap.
1181 3851 1220 3913 15
1247 3852 1309 3935 §9

129 3991 202 4032 nam
220 3966 425 4034 Athenienses
446 3969 571 4034 «bonos
591 3967 672 4034 cives
689 3969 782 4033 ramis
798 3967 921 4033 duobus
934 3967 1033 4034 olivae
1045 3969 1164 4034 innexis
1169 3971 1310 4060 publice

130 4086 359 4154 coronabant.»

174 4208 292 4275 Contra
325 4209 410 4275 aliud
440 4211 516 4278 latet
548 4210 606 4275 sub
637 4210 750 4288 verbo,
787 4209 871 4299 quod
904 4207 981 4300 Cap.
1014 4214 1033 4276 4
1059 4213 1076 4294 §
1103 4214 1122 4274 1
1146 4210 1231 4275 idem
1254 4198 1309 4278 ille

130 4330 250 4395 omisit:
281 4329 485 4397 «Chaldaeos
509 4335 621 4420 igitur
646 4330 809 4397 Cornelius
833 4329 984 4419 Hispalus.
1000 4329 1077 4395 urbe
1090 4331 1209 4420 expulit
1221 4345 1307 4397 cet.»

130 4449 181 4516 Sic
215 4450 299 4516 enirn
334 4473 397 4516 non
433 4451 533 4517 solent
567 4450 618 4515 isti
652 4451 767 4516 versari
800 4451 832 4515 in
859 4448 1073 4539 excerpendo,
1107 4452 1219 4540 quibus
1250 4473 1307 4515 ror

130 4575 241 4659 igitur
273 4572 440 4639 admodum
472 4572 618 4660 frequens
650 4586 695 4638 est
726 4573 759 4638 in
792 4595 870 4651 usu,
904 4593 965 4661 qua
998 4572 1151 4661 partietda
1182 4572 1307 4639 alicnis·
