2888 5144
127 335 168 396 36
504 345 623 394 cronno
648 348 690 395 nr
716 345 756 394 nr
781 345 934 395 runmcr.

128 518 210 585 tueri
231 528 339 611 postea
363 527 494 582 conatus
517 528 575 583 est.
624 514 696 582 Non
721 519 872 585 assentior
894 516 964 596 illi,
989 539 1062 582 nam
1086 517 1133 583 nil
1158 516 1244 583 alind
1267 527 1314 584 est

128 659 223 727 quam
247 637 368 728 primae
392 659 505 703 manus
529 659 617 703 error
638 649 724 704 reete
748 636 953 716 emendatus,
978 659 1038 703 nee
1056 659 1130 704 raro
1148 636 1230 703 illud
1248 659 1315 726 que

127 780 185 849 pro
215 758 439 824 coniunctione
471 756 691 846 accipiendum
724 757 900 838 contendo,
928 779 1103 847 pronomen
1126 771 1183 825 est.
1234 757 1316 824 Turn

127 876 211 944 male
244 877 378 943 subiecit
412 877 531 944 Maius:
569 878 863 957 «inherentihoe‚
900 875 980 945 ch.
1007 878 1075 944 sine
1096 877 1315 970 diphthongo,

128 998 182 1064 sed
210 997 325 1064 deinde
356 996 441 1062 haud
471 997 535 1063 seio
565 1020 606 1062 an
641 997 680 1062 sit
716 996 918 1086 superaddita
952 1021 993 1077 a,
1029 997 1083 1065 sed
1106 999 1229 1089 etipsa
1251 1010 1316 1065 ter·
1375 991 1379 997 ¹

128 1119 260 1185 minatio
296 1117 442 1183 vocabuli
475 1118 508 1182 in
545 1116 653 1183 codice
684 1130 732 1183 est
762 1117 936 1198 obscuram
967 1129 999 1184 at
1031 1140 1112 1207 quae
1142 1130 1317 1185 cernuntur

129 1261 223 1329 supra
256 1238 318 1305 hoe
352 1237 561 1318 vocabulum,
594 1249 668 1304 sunt
702 1237 848 1304 maculae
881 1261 918 1304 er
950 1237 1030 1303 alius
1060 1237 1225 1304 cniusdam
1248 1239 1316 1305 lolii

129 1360 283 1448 scriptura
318 1369 425 1438 ortae,
461 1379 539 1446 quus
571 1380 646 1424 cave
677 1379 735 1448 pro
766 1357 962 1424 correctione
993 1358 1142 1448 accipian
1177 1372 1225 1426 est
1255 1357 1316 1426 boe

128 1479 247 1559 letius,
287 1501 395 1546 verum
437 1499 501 1544 non
542 1477 673 1547 ferenda
707 1477 833 1546 ridetur
866 1477 942 1545 Maii
977 1478 1186 1568 negligentia,
1221 1481 1316 1570 perti·

102 1601 248 1691 ¹cipium
278 1599 358 1664 illud
388 1598 480 1678 dieo,
514 1597 599 1687 quod
630 1599 663 1663 in
696 1596 812 1664 Codice
836 1619 901 1663 non
923 1598 1053 1688 legitur3
1079 1597 1177 1664 babet
1199 1621 1317 1690 nempe

130 1721 203 1787 satis
226 1721 404 1810 perspicue:
431 1744 454 1783 a
479 1719 596 1784 stellis
620 1722 688 1808 ioq.
716 1719 813 1784 eaelo
836 1721 1060 1800 inhererent,
1082 1719 1167 1809 qnod
1179 1719 1219 1786 de
1229 1741 1317 1786 more

129 1842 251 1932 primae
284 1862 397 1907 manus
431 1837 580 1928 equidem
613 1840 657 1905 sie
680 1838 824 1928 legerim:
850 1863 875 1903 a
899 1841 1014 1906 stellio
1037 1843 1087 1906 iis
1110 1862 1200 1930 qnae
1221 1840 1317 1906 eaelo

131 1963 353 2039 inhererent,
374 1973 444 2025 tum
460 1959 571 2026 deletio
594 1960 645 2025 etl
666 1959 877 2049 suprascripta
900 1982 921 2023 r
944 1960 1064 2027 lactum
1089 1972 1148 2026 est:
1174 1961 1317 2027 eundern

131 2080 230 2146 illam
262 2077 477 2171 (sphaeram)
512 2083 628 2143 astris
660 2082 729 2159 iis,
760 2101 851 2166 qnae
875 2080 970 2146 eaelo
994 2083 1216 2161 inhererent,
1242 2105 1318 2149 esse

130 2201 359 2292 descriptam.
408 2200 523 2265 Fateor
544 2198 705 2266 offendere
727 2221 903 2289 pronomen
927 2205 960 2266 ir
980 2201 1029 2269 rel
1048 2206 1116 2282 iis,
1142 2202 1228 2291 quod
1246 2224 1317 2270 cor·

130 2333 235 2400 rector
253 2321 402 2412 expunxit
424 2321 574 2400 sortasse,
599 2320 653 2388 sed
677 2320 734 2387 ubi
757 2320 854 2387 codex
876 2320 973 2390 hebet
996 2345 1086 2411 quae
1097 2325 1317 2403 inhererent,

131 2443 244 2511 editori
266 2465 331 2509 non
354 2442 429 2510 lieet
453 2443 590 2510 scribere
612 2443 825 2534 participium.

178 2686 266 2755 XVI.
303 2683 327 2774 S
365 2689 419 2752 25.
468 2685 584 2775 Atque
617 2685 789 2752 eiusmodi
823 2687 991 2775 quiddam
1026 2693 1145 2755 etiam.
1195 2686 1318 2779 Operae

130 2808 269 2896 pretium
303 2807 364 2872 erit
401 2818 543 2885 notasse,
579 2805 664 2895 quod
694 2806 793 2872 blaius
827 2807 971 2887 reticuit,
1003 2831 1022 2872 a
1053 2806 1190 2874 secunda
1220 2831 1319 2875 mann

130 2925 212 2992 illud
243 2926 324 2991 dam
355 2947 421 2992 esse
452 2923 648 3015 adscriptum
676 2927 741 2992 imo
774 2926 928 2994 laterculo
962 2928 1073 3019 priori;
1099 2928 1210 2995 dubito
1232 2930 1319 2996 enim

132 3047 270 3138 possitne
301 3045 453 3134 coniungi
483 3044 655 3110 eiusmodi
684 3045 852 3135 quiddam
863 3071 875 3126 ,·
908 3062 977 3115 tum
1008 3048 1093 3139 quod
1129 3049 1320 3139 sequebatur

132 3168 167 3233 in
190 3165 301 3232 limine
324 3164 452 3231 alterius
474 3163 620 3231 laterculi
643 3177 716 3232 ante
740 3171 846 3233 etiam
870 3168 1001 3234 verbum
1020 3169 1110 3259 qnid
1125 3183 1319 3260 expunctum

133 3298 192 3355 est.
242 3287 312 3372 Qua
342 3286 485 3352 lectionis
516 3287 666 3354 varietate
697 3289 851 3356 acutiores
874 3291 1062 3358 sententiam
1086 3295 1319 3360 constructione

129 3408 275 3498 ¹longiore
297 3406 494 3475 laborantem
517 3407 678 3476 adiuvent.

180 3648 263 3717 lbid.
313 3647 440 3738 Itaque
471 3654 542 3715 etri
578 3671 645 3717 non
688 3656 780 3717 omni
817 3656 1107 3733 intermenstruo,
1140 3662 1254 3720 tomen
1281 3654 1323 3720 id

136 3771 249 3860 (solem
282 3767 457 3858 obscurari)
479 3770 573 3859 steri
602 3794 669 3836 non
698 3793 807 3863 poree
827 3776 902 3838 nisi
923 3782 1018 3839 certo
1047 3777 1320 3842 intermenstruo

136 3902 298 3981 tempore.
359 3888 486 3955 Notavit
524 3890 623 3955 llaius
658 3891 792 3957 alterum
825 3893 905 3958 illud
940 3897 1212 3960 intermenstruo
1247 3919 1265 3962 a
1299 3899 1320 3962 2

135 4033 234 4077 manu
261 4032 326 4077 esse
358 4007 520 4087 additum,
552 4022 638 4077 recte
667 4011 747 4076 illud
775 4012 921 4102 quidem,
946 4036 1055 4081 vemm
1077 4016 1223 4107 fugerant
1246 4040 1321 4084 eum

136 4142 255 4223 puncta
284 4128 487 4219 praecedenti
509 4130 662 4196 vocabulo
685 4141 780 4198 certo
803 4133 1022 4223 superaddita,
1048 4137 1166 4227 quippe
1193 4150 1323 4228 propter

139 4249 308 4340 Augustini
331 4273 352 4314 ‹<
361 4250 483 4317 auferat
493 4273 514 4315 »
537 4273 594 4341 pro
617 4264 707 4342 parte
729 4253 862 4320 evanida
883 4254 978 4322 facta.
1027 4254 1178 4345 Sequitur
1200 4257 1322 4325 hinein

137 4373 245 4443 locum
276 4369 422 4437 vocabuli
448 4381 543 4438 certo
566 4373 697 4441 subiisse
721 4379 1012 4456 intermenstruo,
1040 4376 1125 4466 quod
1148 4381 1322 4447 sententiae

138 4492 252 4561 melius
279 4487 452 4559 convenire¹
472 4493 551 4562 mibi
573 4495 717 4577 videtur,
743 4520 816 4564 nam
841 4500 885 4565 sie
908 4522 1035 4589 quoque
1058 4501 1212 4589 oppositio
1241 4501 1322 4570 bene

139 4639 171 4683 se
189 4611 297 4682 habet.
