2888 5144
584 334 847 382 nuauorrrouns.
1242 317 1303 381 147

110 505 169 571 ubi
201 505 351 595 equidem
386 507 664 592 interpretamur
696 503 787 592 lego,
827 501 913 591 quod
951 502 998 568 vel
1033 503 1099 567 siue
1133 502 1302 569 collatione

110 628 234 694 restitui
257 627 427 693 debuisset.
476 624 574 690 llecte
598 635 704 689 autem
727 647 760 714 p.
787 627 853 688 216
876 647 908 689 v.
934 626 975 688 21
1002 636 1034 689 et
1060 626 1102 688 25
1126 623 1225 690 edidit
1249 629 1304 689 irt-
1417 671 1420 675 .

110 751 386 837 terpretota'one,
410 745 466 812 ubi
490 746 524 810 iu
547 743 656 810 codice
679 743 727 809 bis
744 756 790 809 est
808 746 1019 823 intentiore,
1038 767 1135 833 quem
1156 745 1300 811 vitiosam

109 869 300 958 scripturam
325 868 462 934 Orellius
485 865 654 932 defendere
678 877 829 943 conatus,
855 888 984 954 operam
1007 864 1159 955 perdidit.

157 988 271 1056 Editor
287 988 448 1055 adnotavit
468 1009 536 1053 voc.
563 994 638 1052 trea
660 1009 727 1053 esse
752 999 937 1075 corruptum
956 1009 990 1076 p.
1016 989 1082 1053 208
1097 1009 1127 1052 v.
1146 991 1206 1064 10,
1226 984 1303 1076 (lup.

111 1109 191 1195 1V§
208 1112 247 1174 1:
275 1109 380 1175 «Post
403 1107 483 1174 baec
501 1108 759 1186 meminerimus,
784 1106 861 1172 alins
884 1129 950 1174 esse
973 1107 1200 1173 controversias
1228 1108 1305 1173 sim-

109 1230 228 1321 plices,
253 1230 329 1296 elias
353 1230 546 1296 coniunctas.
596 1226 778 1317 Simplices,
804 1236 878 1292 tres
900 1238 998 1294 status
1021 1226 1158 1306 habere,
1183 1226 1217 1293 id
1236 1239 1303 1305 est,

111 1363 168 1417 aut
190 1372 256 1416 uon
276 1351 358 1429 feci,
380 1362 435 1415 aut
457 1371 523 1415 nou
545 1348 606 1414 hoc
629 1347 711 1427 feci,
736 1361 791 1414 eut
814 1349 882 1414 iure
905 1348 987 1427 feci,
1012 1359 1044 1414 et
1067 1361 1183 1414 cetera.
1216 1346 1302 1414 Gon·

111 1473 237 1538 iunctas
276 1493 351 1537 vero
385 1469 517 1536 totidem
552 1481 649 1535 status
683 1468 874 1559 plerumque
907 1469 1047 1559 recipere
1081 1492 1192 1559 posse,
1225 1482 1304 1557 quot

109 1593 174 1657 siut
195 1591 330 1657 crimina
349 1591 398 1656 vel
421 1591 575 1680 species.»
611 1590 650 1654 lu
673 1588 782 1656 codice
803 1598 878 1655 tres
898 1588 1005 1669 deest,
1031 1589 1152 1656 Maium
1174 1602 1304 1680 apparet

108 1713 209 1803 igitur
238 1711 430 1801 supplevisse
452 1710 492 1777 de
516 1732 573 1776 suo
597 1709 806 1789 vocabulum,
836 1709 922 1799 quod
944 1711 1011 1800 ipse
1038 1710 1156 1776 fatetur
1179 1721 1303 1777 senteu-

108 1834 173 1899 tiue
201 1855 266 1898 non
300 1833 482 1913 convenire3
516 1832 654 1920 denique
685 1853 856 1897 numerum
887 1842 1028 1897 statuum
1059 1830 1208 1920 equidem
1238 1854 1302 1898 nou

109 1952 272 2032 desidero,
297 1953 383 2019 uliud
404 1950 481 2041 quid
499 1951 634 2031 excidit,
654 1953 689 2018 ni
706 1950 819 2031 fallor,
841 1950 984 2017 definitio
1003 1951 1134 2018 fortasse
1153 1951 1303 2042 simplicis

110 2075 354 2140 controversiae.
740 2060 742 2064 ¹

156 2194 316 2261 Revocata
346 2194 462 2260 lineola
485 2217 523 2260 er
545 2194 686 2285 perfecto
712 2192 896 2260 faciendum
920 2207 967 2260 θεῖ
989 2194 1132 2260 futurum
1157 2207 1304 2261 exactum

108 2317 144 2381 iu
178 2316 245 2382 fine
278 2315 373 2380 huius
409 2319 448 2400 §,
482 2339 517 2404 p.
551 2317 617 2380 208
648 2337 676 2380 v.
704 2318 766 2380 17:
817 2314 890 2379 «llt
913 2314 984 2380 ideo
1009 2338 1109 2403 quum
1133 2315 1304 2381 inciderit

110 2437 286 2527 composita
312 2458 426 2514 causa,
451 2434 561 2500 licebit
583 2457 652 2501 eam
677 2434 721 2499 sic
744 2446 879 2500 tractare
904 2436 993 2523 qnasi
1016 2436 1122 2524 plures
1146 2458 1266 2503 causas.
1280 2461 1302 2501 »

154 2558 233 2648 Pap.
261 2561 326 2624 209
352 2581 380 2622 v.
408 2561 449 2622 38
475 2555 552 2621 ibid.
580 2558 598 2640 §
622 2559 654 2621 2.
703 2555 811 2621 «Veri
835 2555 945 2623 similis
967 2555 1108 2623 defensio
1132 2570 1199 2636 est,
1220 2580 1303 2647 quae

108 2678 299 2768 plerumque
326 2678 441 2744 horum
471 2689 729 2767 argumentorum
759 2689 806 2743 est
833 2677 1089 2765 confirmatio.»
1119 2677 1225 2755 Codex
1247 2701 1303 2744 ex-

109 2799 199 2866 hibet
222 2798 458 2888 confirmare,
483 2798 516 2863 id
539 2811 586 2864 est
609 2798 873 2886 confirmatrix,
899 2798 985 2887 quod
1008 2800 1106 2889 recipi
1129 2812 1242 2889 potest.

154 2919 375 2988 Necessarium
406 2943 472 2984 non
502 2932 569 2985 erat
599 2919 719 2985 Victori
749 2918 918 2986 obtrudere
949 2920 1100 3000 verbum,
1125 2920 1211 3009 quod
1234 2923 1301 3012 ipse

109 3063 177 3107 uon
208 3042 332 3132 scripsit
361 3063 420 3107 nec
450 3041 617 3119 librarius,
647 3064 680 3129 p.
715 3043 780 3105 210
805 3064 834 3105 v.
860 3043 902 3105 23
926 3041 960 3105 in
982 3040 1043 3106 hac
1066 3045 1297 3109 controversia:

108 3163 193 3229 «Vir
214 3162 303 3228 fontis
320 3162 435 3229 habeat
446 3163 643 3252 praemium,
669 3161 798 3250 quidam
810 3162 933 3227 fortiter
944 3162 1040 3241 fecit,
1063 3164 1204 3252 praemio
1217 3189 1300 3256 cap·

109 3287 206 3348 tioae
233 3280 420 3370 [mulieris]
436 3283 562 3371 nuptias
587 3282 728 3371 accepit,
753 3305 874 3347 veneno
896 3283 1012 3371 periit,
1036 3306 1090 3349 rea
1113 3297 1160 3350 est
1177 3287 1300 3373 captiva

108 3404 295 3471 veneficii.»
334 3401 385 3471 (tf.
410 3402 511 3469 simile
534 3402 713 3491 exemplum
736 3426 768 3492 p.
796 3405 861 3467 200
874 3425 903 3468 v.
922 3405 983 3482 16,
1008 3404 1065 3470 ubi
1085 3404 1163 3470 item
1185 3407 1301 3472 sufficit

109 3529 267 3618 captiva.
321 3555 326 3563 ·

152 3643 240 3736 Sigla
260 3645 383 3711 litterae
406 3669 428 3733 q
451 3643 534 3710 male
555 3643 717 3709 intellecta
741 3642 780 3707 ab
803 3641 922 3709 editore
946 3644 1058 3709 vitium
1081 3660 1296 3734 pepererunt,

106 3764 193 3856 quod
222 3765 306 3832 Maio
341 3777 373 3830 et
404 3763 522 3831 Orellio
554 3765 603 3829 vix
626 3765 786 3853 ignoscere
809 3764 940 3853 poteris3
971 3778 1017 3831 est
1040 3788 1113 3855 pag.
1139 3767 1237 3833 eiusd.
1262 3790 1293 3835 v.

106 3889 163 3953 27.
223 3883 395 3952 «Consilia
429 3885 525 3950 etiam
564 3884 788 3963 tractabimus,
828 3885 922 3973 quod
954 3886 1084 3974 quidem
1114 3888 1148 3951 iu
1186 3887 1296 3954 huius-

105 4006 195 4073 modi
229 4007 446 4073 controversiis
481 4006 549 4071 vice
584 4006 649 4070 veri
686 4005 795 4070 similis
830 4003 1018 4072 defensionis
1059 4007 1119 4073 hoc
1158 4009 1191 4072 in
1226 4009 1297 4078 loco

105 4120 232 4212 plenius
265 4123 502 4210 exsequimur.»
539 4124 639 4189 Nemo
671 4148 735 4190 uon
769 4124 843 4191 vidit
874 4107 916 4213 ᾇ,
947 4124 1051 4191 idest
1074 4149 1163 4213 quae
1186 4129 1296 4219 legen·

108 4241 187 4309 dum
209 4264 288 4309 esse.

151 4361 324 4429 Adnotavit
355 4362 456 4431 Maius
476 4364 515 4429 ad
538 4365 633 4430 verba
656 4365 735 4432 ibid.
760 4390 788 4433 v.
815 4369 878 4431 38:
903 4435 908 4441 ,
928 4365 1037 4431 «Tres
1060 4368 1159 4457 igitur
1181 4371 1298 4460 reliqui

108 4482 171 4551 loci
201 4482 408 4550 diuisionem
438 4486 643 4574 fungentur»
679 4486 723 4551 sic
754 4486 816 4574 legi
845 4486 879 4550 in
911 4485 1040 4565 codice,
1073 4487 1125 4554 sed
1157 4513 1222 4555 uon
1252 4491 1296 4554 ita

108 4617 173 4683 est,
199 4624 274 4669 nam
297 4601 443 4670 librarius
467 4604 510 4668 sic
534 4603 638 4668 dedit:
667 4583 835 4684 dietrici,
858 4604 947 4671 idest
961 4608 1152 4687 divisione,
1175 4610 1297 4675 etiamsi

1013 4725 1072 4779 16·
