2888 5144
179 303 241 364 178
652 301 768 361 ramus
784 313 889 360 raars.

176 486 315 562 dixerat,
349 480 434 571 quod
466 481 568 546 filium
600 481 731 547 militiae
760 495 871 572 aptum
901 483 1017 548 rustico
1040 505 1135 572 opere
1157 493 1365 570 gravaret.»

179 588 298 692 Quidni
328 603 470 691 legamus
496 601 742 691 gravaretur?
778 603 861 670 Nam
885 603 947 669 hoo
971 603 1102 670 verbum
1126 616 1292 692 tamquam
1314 603 1369 671 de·

175 748 298 818 ponens
322 709 414 813 saepe
439 721 632 788 adhibebant
655 735 785 789 veteres.

225 845 347 913 Ultima
384 845 402 927 §
434 842 528 908 hui-us
561 841 680 932 Capitis
712 843 814 909 Maius
845 843 956 910 eadem
988 844 1125 924 chorda,
1158 869 1222 934 qua
1252 845 1371 911 librarii

177 968 299 1045 solent,
337 963 511 1029 aberravit:
569 985 590 1025 κ
601 964 679 1028 Cum
713 964 797 1029 inter
834 962 1059 1053 Carthaginem
1094 978 1125 1031 et
1161 963 1303 1054 Cyrenas
1333 966 1372 1032 de

178 1089 245 1178 agri
265 1085 359 1151 modo
378 1085 627 1174 pertinacissima
639 1085 800 1150 contentio
813 1097 913 1163 esset,
936 1085 1058 1174 placuit
1079 1087 1240 1174 utrimque
1262 1086 1372 1153 eodem

178 1222 320 1297 ternpore
348 1207 476 1271 iuvenes
506 1204 544 1270 ad
573 1205 680 1270 locum
703 1205 799 1272 mitti.
848 1204 925 1270 Hoc
943 1215 1052 1295 pacto
1075 1205 1138 1270 duo
1162 1205 1275 1272 fratres
1299 1206 1372 1272 Car·

179 1327 425 1418 thaginiensium
446 1325 572 1391 Philoni
591 1324 726 1414 perfidia
737 1337 1062 1413 praecucurrerunt.»
1091 1326 1163 1392 Non
1181 1327 1269 1392 enim
1287 1327 1373 1393 abla-

62 1494 65 1498 -
178 1452 242 1517 tiro
271 1460 401 1539 propter
422 1446 502 1512 illud
526 1447 588 1510 hoo
612 1445 666 1512 sed
698 1447 875 1522 accusativo
900 1467 978 1534 opus
1002 1457 1068 1523 est,
1095 1469 1190 1534 quem
1222 1445 1322 1512 codex
1344 1459 1374 1513 et

179 1573 251 1638 val.
279 1571 329 1650 V,
354 1573 374 1634 6
401 1569 471 1634 Ert.
497 1571 514 1653 §
543 1572 562 1634 4
587 1566 755 1647 exhibent,
775 1577 933 1657 pactum.
1289 1561 1294 1569 ’

226 1691 254 1759 A
289 1690 460 1780 typothetis
491 1687 628 1778 petenda
659 1699 705 1753 est
734 1712 757 1752 a
793 1686 869 1777 Cap.
903 1691 923 1752 6
957 1691 974 1772 §
1007 1692 1027 1752 6
1059 1688 1098 1753 de
1123 1688 1286 1754 Hortensii
1308 1689 1372 1754 filio

181 1814 302 1878 «male
332 1812 481 1888 famae,>›
513 1822 545 1874 et
571 1809 676 1874 littera
700 1833 723 1872 u
749 1811 766 1892 §
793 1812 814 1874 8
838 1810 871 1873 in
895 1808 965 1873 loeo
989 1810 1106 1898 patris,
1132 1809 1189 1897 qui
1211 1833 1233 1873 a
1247 1832 1374 1875 uxorem

181 1930 384 2000 iureiurando
421 1931 634 2009 obstrircit,>›
671 1952 752 2018 quae
784 1930 867 1995 male
902 1929 1042 1996 abundat
1072 1931 1106 1996 in
1140 1930 1205 1995 fine
1236 1930 1374 1997 eiusdem

182 2052 392 2144 paragraphi,
429 2074 493 2116 non
534 2051 620 2116 enim
662 2073 682 2112 r<
691 2049 745 2115 ille
783 2062 873 2139 pater
904 2074 1004 2139 quum
1039 2051 1180 2140 gladium
1212 2051 1281 2116 filio
1311 2065 1372 2117 tra·

183 2174 263 2241 didit
286 2196 323 2238 ac
342 2172 488 2261 iugulum
500 2169 678 2245 feriendum
697 2169 862 2260 praebuit,
886 2175 1018 2235 monuit
1029 2171 1109 2237 haec
1119 2195 1168 2238 res
1180 2172 1328 2238 iuvenem
1340 2196 1371 2252 ,a

184 2293 238 2360 sed
266 2296 372 2357 mouit
404 2292 535 2381 opinor,
569 2303 605 2355 ut
636 2291 722 2355 Paris
741 2313 806 2356 uno
832 2290 925 2357 rerbo
949 2291 1035 2357 dedit
1058 2315 1115 2381 pro
1139 2293 1259 2358 Valerii
1283 2293 1372 2372 V,9

185 2418 203 2501 §
229 2419 265 2481 4:
318 2416 417 2500 «Quo
441 2413 525 2478 facto
550 2435 614 2477 non
639 2413 793 2502 paulatim
821 2411 875 2478 sed
897 2435 1013 2501 magno
1036 2413 1159 2503 impetu
1182 2427 1271 2479 recta
1292 2414 1373 2502 cogi·

185 2536 262 2602 tatio
287 2547 397 2626 pectus
421 2533 543 2600 iuvenis
567 2533 771 2624 occuparit.»

232 2655 350 2723 Contra
380 2655 619 2744 grammaticam
650 2655 792 2744 peccarit
825 2655 926 2720 Maius
957 2654 1073 2720 codicis
1096 2655 1267 2720 lectionem
1291 2678 1372 2746 sper·

185 2801 264 2844 nens
295 2776 374 2865 Cap.
408 2780 426 2840 7
454 2773 477 2863 S
506 2778 544 2839 1:
596 2775 772 2840 «Horatius
796 2774 949 2840 Pulvillus
973 2798 1047 2841 curn
1070 2776 1103 2839 in
1128 2773 1287 2865 Capitolio
1311 2776 1373 2842 1011

187 2897 315 2988 Optimo
348 2896 485 2963 Maximo
509 2894 619 2961 aedem
644 2894 823 2973 dedicaret,
848 2897 994 2983 interque
1017 2896 1292 2986 nuncupationem
1316 2897 1373 2962 sol·

186 3022 326 3089 lemnam
351 3017 520 3082 verborum
543 3014 820 3080 mortuumfilium
833 3038 924 3080 suurn
949 3016 1115 3095 audiret,
1139 3016 1233 3095 tolle,
1254 3019 1372 3107 inquit,

188 3140 358 3208 cadaver.»
405 3137 492 3202 Paris
523 3147 629 3201 autern
661 3136 822 3203 Valerium
855 3137 903 3215 V,
937 3140 976 3202 10
1003 3140 1020 3222 §
1048 3142 1062 3202 l
1089 3136 1270 3204 describens
1294 3138 1375 3205 dedit

190 3260 365 3327 audisset.

236 3381 332 3447 Libro
350 3379 415 3457 Vl,
444 3377 521 3469 Cap.
549 3384 569 3444 3
595 3381 612 3463 §
638 3383 657 3443 9
682 3379 794 3443 vitium
816 3379 940 3469 irrepsit
960 3379 1042 3469 apud
1056 3379 1197 3444 librarios
1210 3380 1375 3469 frequens,

191 3503 244 3572 sed
270 3527 287 3567 a
309 3525 372 3591 quo
392 3499 494 3566 editor
520 3523 630 3567 carere
653 3499 763 3578 debet,
789 3500 878 3588 atqui
906 3522 963 3590 pro
996 3499 1166 3566 «Senatus
1198 3502 1376 3567 consulibus

192 3623 353 3690 mandarit
376 3620 415 3688 de
439 3621 505 3700 his,
529 3621 584 3709 qui
608 3621 701 3685 sacris
726 3620 994 3684 bacchanalibus
1017 3621 1135 3686 inceste
1163 3621 1376 3702 adfuerant,

192 3746 390 3835 inquirerent
397 3766 432 3821 ,>›
457 3764 492 3807 er
511 3740 618 3806 codice
638 3739 837 3830 reponendus
856 3753 902 3806 est
922 3741 1077 3829 genitivus
1097 3742 1378 3822 bacchanalium,

194 3878 229 3931 ut
253 3877 299 3931 est
323 3862 407 3955 apud
431 3862 502 3926 Val.
518 3861 581 3939 Vl,
608 3866 627 3926 3
653 3859 676 3949 §
703 3866 743 3939 7,
770 3862 885 3949 quiex
909 3840 997 3926 Livio
1022 3862 1117 3927 tradit
1138 3861 1177 3927 de
1197 3863 1380 3931 mulieribus

194 3985 337 4055 consules
368 3982 565 4070 inquisivisse
589 4004 704 4070 easque
728 3980 890 4047 damnatas
914 4006 999 4059 esse,
1025 3982 1101 4048 dum
1126 3981 1210 4073 apud
1237 3984 1380 4050 Paridem

134 4187 137 4195 y
194 4106 327 4194 legimus
357 4115 481 4192 partem
513 4121 543 4167 1³.
575 4121 607 4167 1.
641 4126 706 4169 1111
733 4103 881 4192 punitam
905 4102 995 4168 etde
1018 4103 1083 4182 his,
1109 4107 1169 4192 qui
1189 4105 1310 4171 1111111
1334 4106 1382 4171 usi

194 4228 320 4292 fuerant
355 4224 417 4289 illis
453 4223 565 4301 sacris,
603 4223 820 4312 quaestionem
849 4247 915 4289 esse
948 4223 1106 4304 habitam,
1133 4247 1214 4314 quae
1237 4225 1382 4292 historica

194 4345 371 4412 differentia
396 4344 608 4409 abbreviatori
631 4367 696 4409 non
719 4344 848 4409 librario
874 4345 1042 4410 tribuatur.

237 4467 361 4549 ,Contra
384 4465 608 4553 grammaticae
632 4465 774 4553 regulam
799 4465 901 4532 Maius
924 4465 1047 4532 induxit
1073 4465 1235 4533 Socratem
1253 4469 1382 4558 loquen-

196 4604 261 4677 tem
291 4588 367 4676 Cap.
395 4590 413 4653 4
439 4590 456 4671 §
482 4590 523 4664 9,
551 4609 651 4676 quum
675 4586 784 4674 Lysiae
810 4587 1381 4679 1111111011111111111111100311-
