2888 5144
568 343 670 391 arras
695 343 836 390 coorcrs.
1253 326 1294 387 27

104 517 209 585 Series
230 516 364 581 Roman.
389 513 506 579 Pontii.
533 536 550 576 a
575 512 608 579 S.
635 514 728 578 Petro
751 512 791 577 ad
810 511 980 600 Vigilium,
1005 524 1036 577 et
1061 510 1184 577 (lencil.
1210 511 1296 577 Pari·

103 637 205 703 siense
229 636 269 702 de
295 633 437 701 Cast-rod.
464 635 584 723 episc,
609 646 656 698 est
703 631 738 699 S.
765 632 873 698 Germ.
903 631 960 699 N0.
991 635 1076 710 936,
1099 632 1175 697 olim
1197 631 1293 699 Corb.

104 757 161 824 N⁰.
185 760 249 836 26,
275 781 312 823 cr
333 779 396 846 quc
419 755 459 822 de
481 755 604 843 Wailly
628 753 694 819 tab.
721 753 782 820 Ill.
809 755 916 831 1-7,
938 752 994 818 IV.
1019 757 1034 818 1
1055 752 1175 819 diversa
1196 755 1297 844 scrip·

103 891 195 945 turae
238 878 409 967 specimina
451 875 552 957 dedit3
597 876 688 942 cuius
726 873 766 940 de
797 873 907 940 ordine
939 874 1087 940 foliorum
1120 896 1297 965 eorumque

104 1011 209 1066 aetate
240 998 426 1064 artificiosae
454 996 659 1086 disputationi
686 997 712 1062 si
736 996 975 1085 subscripseris,
996 995 1128 1062 habebis
1152 996 1295 1086 exempla

105 1121 281 1210 scripturae
304 1120 445 1186 cursivae
468 1119 586 1184 saeculi
605 1119 683 1184 serti
703 1116 808 1184 media
828 1117 913 1182 inter
932 1117 1192 1197 semiuncialem,
1211 1117 1297 1184 unde

105 1241 251 1330 sequitur
280 1252 452 1329 utrumque
484 1262 582 1329 genus
606 1240 639 1304 in
665 1239 766 1305 Gallia
791 1239 902 1306 saltem
927 1239 1021 1303 simul
1040 1240 1137 1304 fuisse
1159 1240 1193 1304 in
1217 1261 1294 1320 usu,

106 1360 192 1451 quod
220 1361 348 1426 nonnisi
376 1385 393 1425 a
425 1360 530 1425 lubitu
560 1358 791 1424 monachorum
816 1358 980 1449 penderet.
1029 1358 1297 1449 superstantem

108 1481 275 1549 Tullianus
296 1481 378 1547 liber
400 1493 536 1547 aetatem
559 1480 709 1545 foliorum
730 1491 799 1545 tum
823 1491 908 1545 sexto
933 1479 1058 1545 saeculo
1082 1492 1215 1546 exeunte
1241 1482 1298 1570 qui

106 1614 233 1669 armata
258 1614 350 1682 sunt,
375 1615 444 1668 tum
468 1623 578 1668 eorum
599 1601 654 1690 qui
678 1598 803 1667 saeculo
825 1600 881 1665 illo
899 1600 1003 1665 medio
1024 1600 1297 1682 describerentur,

108 1723 198 1813 atqui
229 1720 444 1788 recedendum
476 1732 523 1788 est
555 1720 670 1786 adhuc.
720 1721 855 1786 Ineunte
886 1721 1011 1787 saeculo
1042 1733 1127 1786 serto
1160 1721 1300 1788 Hilarius

109 1843 272 1911 Ecclesiae
300 1842 472 1909 Vaticanae
504 1841 620 1921 codex,
649 1842 741 1908 cuius
764 1842 926 1931 specimen
949 1840 1021 1908 ride
1044 1841 1128 1932 apud
1150 1842 1299 1909 Mabillon

107 1963 174 2031 tab.
206 1983 253 2029 rr.
286 1963 344 2029 Ex.
378 1967 419 2040 7,
452 1963 585 2052 scriptus
615 1961 777 2040 exstabat,
814 1973 851 2026 ut
882 1961 975 2027 docet
1005 1963 1184 2029 collationis
1210 1965 1301 2030 testi·

107 2085 267 2164 monium;
302 2084 461 2172 conspirat
490 2082 585 2148 huim
603 2083 790 2172 scriptura,
825 2105 908 2171 quae
935 2084 1012 2149 item
1039 2083 1169 2173 politico
1192 2098 1300 2151 nostro

109 2207 190 2272 libro
215 2207 373 2271 recentior
394 2229 459 2271 esse
483 2204 625 2282 ridetur,
655 2202 694 2268 ad
716 2217 873 2294 punctum
896 2227 970 2270 cum
997 2205 1174 2296 Augustino
1197 2231 1300 2297 papp-

110 2350 201 2394 raceo
231 2349 268 2392 ex
298 2325 377 2391 bibl.
411 2326 607 2404 Generensi,
637 2323 715 2390 silv.
749 2324 814 2389 tab.
845 2327 929 2403 270,
960 2324 1045 2414 quod
1068 2328 1166 2393 miror
1184 2329 1301 2418 fugisse

112 2445 399 2538 champollionem.
454 2445 559 2512 Simili
601 2443 695 2509 modo
736 2442 906 2509 Vaticanus
940 2459 1047 2511 noster
1080 2448 1301 2538 palimpsestus

110 2569 224 2647 habet,
255 2589 394 2657 quocum
419 2567 591 2655 conspirat3
620 2565 808 2631 Psaltcrium
827 2587 942 2655 nempe
965 2567 999 2630 in
1023 2589 1116 2633 usum
1139 2569 1300 2660 episcopi,

112 2689 273 2757 Ecclesiae
308 2687 341 2754 S.
378 2686 584 2754 Germanensi
615 2687 671 2775 qui
702 2685 840 2775 praefuit
873 2708 973 2775 usque
1007 2687 1046 2752 ad
1067 2710 1187 2755 annum
1213 2695 1278 2756 576
1290 2741 1299 2772 ,

111 2809 298 2877 nitidissime
322 2808 505 2898 depictum,
536 2819 571 2873 ut
602 2805 708 2873 ridere
737 2819 783 2872 est
818 2805 902 2896 apud
924 2806 1001 2874 Sila.
1027 2809 1092 2876 tab.
1119 2815 1182 2878 183
1207 2812 1303 2880 etde

112 2931 236 3018 Wailly
265 2930 331 2996 tab.
369 2930 396 2995 Ι.
436 2936 467 3010 l;
502 2929 565 2994 scio
599 2928 769 2994 admodum
798 2928 957 2995 luxuriose
983 2930 1071 2997 hunc
1094 2931 1212 2999 librum
1236 2956 1303 3001 esse

112 3051 306 3141 descriptum
325 3051 438 3117 litteris
458 3051 632 3140 argenteis,
654 3049 708 3116 sed
728 3049 856 3115 illarum
874 3050 993 3131 forma,
1013 3076 1181 3134 mensura,
1198 3068 1303 3123 cetera

112 3172 211 3262 probe
230 3173 412 3261 conspirant
428 3195 502 3238 cum
521 3171 687 3251 Tulliano,
711 3171 821 3260 paucis
841 3171 1031 3260 quibusdam
1047 3177 1203 3265 exceptis,
1221 3199 1306 3267 quae

112 3294 145 3360 in
165 3293 316 3385 psalterio
340 3294 526 3383 antiquioris
546 3295 719 3384 scripturae
738 3294 949 3360 imitationem
970 3309 1127 3384 arguunt,
1154 3309 1188 3364 ut
1209 3318 1247 3378 Β,
1271 3318 1303 3380 r,

116 3435 159 3494 c,
186 3427 241 3480 aut
264 3426 300 3479 ut
320 3415 434 3480 melius
457 3413 581 3493 dicam,
606 3414 645 3478 ad
668 3413 849 3504 rigidiorem
873 3414 1007 3479 formam
1029 3429 1102 3482 sunt
1124 3440 1306 3486 accommo-

114 3536 206 3603 datae
246 3535 514 3624 quemadmodum
548 3561 583 3615 ε,
613 3534 656 3614 h,
689 3554 729 3614 ι,
760 3553 797 3613 r,
829 3536 872 3599 ita
904 3547 941 3600 ut
963 3538 1124 3603 saeculum
1146 3538 1306 3606 diversum

115 3656 163 3724 his
191 3656 315 3722 duobus
343 3656 431 3722 libris
455 3657 611 3746 assignare
638 3654 788 3744 equidem
818 3654 868 3719 rix
894 3677 987 3721 ausus
1011 3679 1093 3723 sum,
1141 3657 1210 3724 Hoc
1234 3659 1306 3726 dico

115 3790 188 3844 ante
212 3777 320 3842 oculos
343 3777 463 3844 habeus
487 3777 683 3867 singularum
701 3777 879 3842 litterarum
895 3777 1066 3865 specimina
1086 3777 1172 3844 haud
1184 3803 1304 3869 pauca,

117 3921 197 3987 quae
221 3899 456 3964 accuratissima
478 3899 545 3988 ipse
568 3899 690 3964 confeci
711 3896 917 3988 praeferenda
940 3899 1006 3963 istis
1037 3900 1070 3963 in
1091 3899 1200 3964 tabula
1221 3903 1306 3992 apud

116 4017 251 4098 Maium3
288 4038 328 4096 s,
360 4038 398 4097 c,
431 4023 470 4098 ὸ,
504 4037 543 4098 c,
573 4039 604 4098 1,
630 4042 670 4108 q,
697 4037 739 4097 a,
764 4043 797 4098 s,
822 4041 862 4097 u,
887 4041 905 4082 1
929 4031 960 4084 et
983 4021 1099 4108 passim
1119 4042 1161 4100 a,
1187 4042 1231 4103 ra,
1256 4023 1307 4090 rix

115 4138 354 4228 distinguuntur
383 4141 416 4205 in
442 4162 505 4204 uno
529 4139 569 4204 ab
593 4141 691 4207 altero
716 4140 844 4219 codice,
867 4152 977 4205 contra
999 4159 1039 4219 Β,
1064 4160 1105 4220 r,
1130 4161 1151 4208 r
1173 4144 1206 4208 in
1231 4145 1306 4211 Tul·

115 4260 201 4325 liano
224 4260 305 4325 libro
324 4284 341 4325 a
361 4261 521 4351 superiore
541 4262 661 4341 lomna,
683 4263 833 4328 rusticam
848 4261 920 4326 dico
931 4311 939 4341 ‚
958 4262 1100 4328 nondum
1121 4263 1302 4346 declinant,

117 4379 309 4470 deniquae,
333 4382 377 4460 h,
400 4402 419 4448 r
442 4381 563 4449 diverso
587 4382 682 4448 modo
705 4383 840 4471 scriptae
861 4394 945 4448 sunt.

185 4501 243 4566 His
276 4503 384 4592 itaque
419 4505 511 4571 certis
547 4503 740 4594 argumentis
772 4515 936 4592 tamquam
971 4506 1157 4571 arctioribus
1185 4507 1304 4574 finibus

118 4624 387 4691 circumscribitur
411 4626 567 4714 spatium,
601 4625 685 4715 quod
713 4626 806 4691 aetati
830 4624 951 4693 Codicis
974 4629 1071 4692 nostri
1099 4628 1298 4717 respondeat3
