2888 5144
166 325 206 387 44
303 314 305 327 ¹
544 339 661 386 crosno
686 335 728 382 or
754 336 794 384 un
819 338 973 386 ruentes.

162 509 282 575 iectura
318 508 393 575 Maii
425 506 571 573 omnibus
606 520 731 597 recepta
765 530 822 597 pro
854 507 1043 572 undantem
1073 510 1105 574 in
1137 512 1262 598 poetica
1289 510 1354 578 liae

161 629 297 718 regionis
327 628 537 718 descriptione
561 628 689 694 fortasse
713 626 915 694 retinenda.»
958 626 1116 696 Osannus.
1164 630 1277 698 Atest
1301 654 1356 700 se-

162 749 285 816 eundae
314 771 427 814 manus
458 770 523 812 non
554 746 630 813 Maii
660 748 834 826 eorrectio,
865 760 897 813 et
919 749 965 812 nil
990 748 1165 838 quidquam
1187 753 1354 841 poeticum

161 869 309 959 equidem
334 891 443 949 eern03
470 867 523 934 sed
546 867 596 933 lae
620 868 664 932 ita
688 890 753 932 esse
777 879 872 957 atque
896 890 984 934 sume
1005 869 1065 934 tibi
1083 881 1191 959 poetas
1212 871 1354 937 undare

160 1013 217 1080 pro
249 989 429 1055 abundare
463 987 593 1067 dixisse,
619 987 680 1053 hoo
703 987 773 1054 loeo
798 986 884 1052 aliud
907 988 1069 1079 intelligo,
1095 1012 1170 1056 nam
1185 991 1355 1079 fontibus

160 1111 297 1176 undare
319 1111 372 1176 hie
394 1132 451 1200 pro
475 1131 589 1197 aquas
617 1107 705 1172 dure
729 1131 747 1173 e
770 1107 910 1173 fontibus
935 1110 1157 1200 accipiendum
1181 1125 1273 1179 esset.

211 1351 268 1419 xl.
303 1355 321 1437 §
349 1354 403 1418 21.
455 1349 646 1416 Videtisne
670 1353 783 1439 igitur
806 1353 912 1414 unius
936 1353 1010 1413 viri
1032 1351 1180 1416 consilio
1203 1373 1271 1416 non
1295 1375 1356 1418 so·

162 1474 230 1538 lum
255 1481 368 1538 ortum
392 1471 714 1562 novempopulana,
744 1493 852 1559 neque
876 1479 916 1535 ut
939 1473 977 1534 in
1001 1471 1184 1536 cunabulis
1208 1477 1356 1562 vogien-

162 1603 228 1659 tem
263 1595 445 1670 relietum,
476 1591 540 1655 sed
572 1590 731 1655 adultum
768 1595 839 1656 iam
874 1600 909 1656 et
933 1614 1051 1683 paene
1074 1592 1249 1683 puberem.
1297 1591 1356 1660 sto

160 1727 246 1782 reete
275 1712 403 1791 editur,
435 1711 558 1777 etiamsi
589 1709 739 1800 equidem
766 1735 823 1801 pro
855 1712 920 1777 sed
947 1711 1079 1802 legerim
1109 1712 1142 1777 in
1167 1712 1276 1779 codiee
1299 1721 1355 1791 et:

161 1846 234 1900 sunt
265 1834 350 1899 enim
382 1831 527 1898 maculae
557 1832 591 1896 in
619 1831 681 1897 hae
710 1850 838 1921 quoque
861 1834 976 1922 pagine
999 1833 1247 1921 frequentiores,
1273 1854 1355 1923 quas

161 1954 263 2021 ldaius
292 1977 350 2043 pro
381 1977 400 2018 s
429 1952 569 2033 hebuit3·
589 1952 751 2042 subiungit
782 1952 836 2018 ille
859 1953 1025 2019 manifesto
1049 1952 1209 2019 aduttum
1232 1953 1355 2021 babere

160 2073 299 2152 bbrum,
324 2075 368 2139 ita
393 2096 411 2137 a
433 2073 536 2162 prima
559 2095 679 2151 manu,
705 2071 757 2138 sed
782 2071 918 2138 secunda
943 2095 980 2137 ex
1006 2091 1018 2137 1
1040 2071 1117 2138 feeit
1137 2091 1168 2138 n.

207 2314 295 2381 XIV.
330 2315 348 2397 §
384 2315 438 2400 26.
487 2310 708 2377 Patrocinio‘.
758 2311 818 2378 llio
850 2334 977 2401 quoque
1006 2325 1216 2380 correctorem
1240 2313 1354 2380 defen·

162 2435 235 2501 dam
269 2456 395 2500 neeesse
431 2447 497 2513 est,
534 2432 587 2498 eui
619 2432 721 2500 Maius
755 2433 899 2498 vitiosam
933 2432 1102 2500 lectionem
1126 2437 1353 2525 patroeeim'o

162 2553 313 2621 obtrudit.
362 2553 487 2644 Duplex
520 2554 650 2644 apparet
681 2552 975 2620 inbooroeabulo
999 2553 1172 2632 eorrectio,
1197 2566 1354 2644 utsupra

148 2657 291 2755 monui,
325 2674 379 2741 sed
410 2687 545 2763 utraque
576 2661 662 2741 reot'e
684 2673 840 2763 procedit3
867 2674 984 2739 etenim
1002 2672 1216 2763 patrieilm'o
1239 2696 1352 2765 supra·

163 2799 278 2886 scripta
302 2819 321 2860 o
344 2796 446 2884 primo
469 2794 552 2860 bene
574 2792 742 2860 emendata
765 2805 852 2872 erat,
877 2805 946 2858 tum
970 2792 1190 2882 superadditae
1213 2807 1286 2861 sunt
1310 2794 1352 2861 ab

163 2918 261 2984 alteru
288 2938 387 2981 manu
418 2937 456 2979 oe
484 2926 516 2981 et
547 2919 582 2993 ι’,
614 2937 651 2980 ex
683 2918 718 2978 oi
747 2914 852 2979 littera
881 2936 904 2977 n
934 2913 1017 2978 faeta
1029 2962 1038 2992 ,
1068 2912 1237 2980 subiunota
1268 2937 1287 2979 o
1317 2917 1351 2984 iu

163 3039 324 3127 margine,
354 3048 386 3101 et
415 3046 572 3125 expuncta
603 3035 784 3100 terminatio
816 3038 875 3098 nio
905 3034 938 3098 in
963 3035 1107 3122 sequenti
1130 3056 1234 3115 versu3
1262 3037 1352 3126 atqui

163 3159 256 3225 rariis
278 3156 379 3224 modis
402 3156 628 3224 benefactum
651 3167 729 3220 erat.
982 3154 985 3159 ’

204 3401 276 3468 XV.
302 3406 320 3490 §
345 3403 400 3467 28.
448 3400 644 3468 Memoriae
669 3399 853 3490 proditum
878 3407 942 3464 est.
993 3396 1138 3464 Osannus
1158 3397 1263 3488 lapsus
1283 3412 1349 3478 est,

162 3520 218 3588 ubi
237 3521 321 3588 hane
344 3522 510 3612 probatam
533 3521 703 3587 lectionem
727 3544 801 3587 eum
825 3520 909 3588 Maio
933 3519 1065 3608 aliisquo
1085 3517 1254 3598 exhibens,
1280 3542 1351 3587 eam

161 3644 283 3733 primae
305 3643 415 3708 manui
437 3642 567 3720 tribuit,
593 3665 668 3707 nam
692 3640 777 3731 quod
797 3641 877 3707 haee
897 3639 1027 3706 dederat
1047 3644 1118 3718 sit,
1140 3652 1225 3707 reete
1245 3664 1351 3709 emen·

163 3762 248 3831 davit
267 3762 366 3829 altera
385 3762 420 3828 in
439 3770 505 3828 est.
549 3761 633 3827 Raro
652 3773 759 3828 autem
779 3785 797 3825 a
816 3773 993 3828 correctore
1013 3759 1180 3826 discedunt
1203 3761 1349 3829 editores.

209 4003 292 4070 lhid.
341 4001 455 4093 Saepe
485 4004 576 4066 enim
606 4004 667 4066 boe
697 4001 740 4066 de
763 4002 954 4067 maioribus
983 4011 1071 4067 natu
1093 4002 1294 4068 audivimus
1318 4012 1353 4068 et

165 4128 219 4190 ita
254 4125 486 4213 intelligimus
521 4123 622 4212 vulgo
653 4126 870 4188 existimari.
919 4123 1038 4189 Verum
1069 4137 1136 4203 est,
1172 4123 1258 4213 quod
1288 4124 1352 4190 iam

166 4243 267 4310 Maius
290 4243 386 4322 vidit,
412 4255 568 4334 expuncta
591 4267 657 4308 esse
682 4247 790 4308 etita
813 4246 1065 4335 intelligimus,
1088 4258 1227 4311 attamen
1244 4267 1353 4312 omnes

165 4364 300 4432 editores
322 4363 459 4430 retinent
476 4364 531 4430 illa
550 4387 607 4454 pro
621 4363 787 4446 Tullianis3
811 4364 959 4454 equidem
971 4364 1141 4431 subdubito
1153 4366 1353 4456 scripseritne

167 4488 211 4552 sio
249 4482 380 4563 Cicero,
420 4506 495 4549 uam
524 4484 589 4549 fere
620 4483 737 4574 ubique
768 4498 925 4553 oorreetor
955 4486 1037 4552 bene
1065 4484 1263 4565 emendarit,
1288 4488 1351 4552 iam

168 4605 253 4672 aliud
291 4605 367 4696 quid
403 4603 577 4671 adscribere
610 4605 733 4684 omisit,
770 4607 900 4695 opinor,
934 4619 987 4671 out
1020 4605 1113 4672 rerba
1142 4605 1258 4673 haeooe
1290 4607 1354 4672 alio
